%YAML 1.1
%TAG !u! tag:unity3d.com,2011:
--- !u!1 &157284448720047019
GameObject:
  m_ObjectHideFlags: 0
  m_CorrespondingSourceObject: {fileID: 0}
  m_PrefabInstance: {fileID: 0}
  m_PrefabAsset: {fileID: 0}
  serializedVersion: 6
  m_Component:
  - component: {fileID: 3321155004605311396}
  m_Layer: 0
  m_Name: clavicle_l
  m_TagString: Untagged
  m_Icon: {fileID: 0}
  m_NavMeshLayer: 0
  m_StaticEditorFlags: 0
  m_IsActive: 1
--- !u!4 &3321155004605311396
Transform:
  m_ObjectHideFlags: 0
  m_CorrespondingSourceObject: {fileID: 0}
  m_PrefabInstance: {fileID: 0}
  m_PrefabAsset: {fileID: 0}
  m_GameObject: {fileID: 157284448720047019}
  m_LocalRotation: {x: -0.025448164, y: -0.029868571, z: 0.7759565, w: 0.62956476}
  m_LocalPosition: {x: -0.014680839, y: 0.14096402, z: 0.03734986}
  m_LocalScale: {x: 1, y: 1, z: 1}
  m_Children:
  - {fileID: 2744868528922875710}
  m_Father: {fileID: 7993385026188089594}
  m_RootOrder: 0
  m_LocalEulerAnglesHint: {x: 0, y: 0, z: 0}
--- !u!1 &287989465238562922
GameObject:
  m_ObjectHideFlags: 0
  m_CorrespondingSourceObject: {fileID: 0}
  m_PrefabInstance: {fileID: 0}
  m_PrefabAsset: {fileID: 0}
  serializedVersion: 6
  m_Component:
  - component: {fileID: 8044208307180709002}
  m_Layer: 0
  m_Name: ring_02_r
  m_TagString: Untagged
  m_Icon: {fileID: 0}
  m_NavMeshLayer: 0
  m_StaticEditorFlags: 0
  m_IsActive: 1
--- !u!4 &8044208307180709002
Transform:
  m_ObjectHideFlags: 0
  m_CorrespondingSourceObject: {fileID: 0}
  m_PrefabInstance: {fileID: 0}
  m_PrefabAsset: {fileID: 0}
  m_GameObject: {fileID: 287989465238562922}
  m_LocalRotation: {x: 0.07224532, y: 0.0013512963, z: 0.045208227, w: 0.9963609}
  m_LocalPosition: {x: 1.5194569e-10, y: 0.019494632, z: 3.0416344e-10}
  m_LocalScale: {x: 1, y: 1, z: 1}
  m_Children:
  - {fileID: 2276603205605286636}
  m_Father: {fileID: 8252799658755059415}
  m_RootOrder: 0
  m_LocalEulerAnglesHint: {x: 0, y: 0, z: 0}
--- !u!1 &367794388148574972
GameObject:
  m_ObjectHideFlags: 0
  m_CorrespondingSourceObject: {fileID: 0}
  m_PrefabInstance: {fileID: 0}
  m_PrefabAsset: {fileID: 0}
  serializedVersion: 6
  m_Component:
  - component: {fileID: 203094316589705266}
  m_Layer: 0
  m_Name: pinky_03_r
  m_TagString: Untagged
  m_Icon: {fileID: 0}
  m_NavMeshLayer: 0
  m_StaticEditorFlags: 0
  m_IsActive: 1
--- !u!4 &203094316589705266
Transform:
  m_ObjectHideFlags: 0
  m_CorrespondingSourceObject: {fileID: 0}
  m_PrefabInstance: {fileID: 0}
  m_PrefabAsset: {fileID: 0}
  m_GameObject: {fileID: 367794388148574972}
  m_LocalRotation: {x: 0.00017041432, y: -0.00000028370525, z: -0.012994297, w: 0.9999156}
  m_LocalPosition: {x: -0.000000008420135, y: 0.010186481, z: -0.0000000048828404}
  m_LocalScale: {x: 1, y: 1, z: 1}
  m_Children: []
  m_Father: {fileID: 2481110033607749261}
  m_RootOrder: 0
  m_LocalEulerAnglesHint: {x: 0, y: 0, z: 0}
--- !u!1 &478542389121680321
GameObject:
  m_ObjectHideFlags: 0
  m_CorrespondingSourceObject: {fileID: 0}
  m_PrefabInstance: {fileID: 0}
  m_PrefabAsset: {fileID: 0}
  serializedVersion: 6
  m_Component:
  - component: {fileID: 5473520852243499756}
  - component: {fileID: 8754016163600813555}
  m_Layer: 0
  m_Name: high-polyMesh
  m_TagString: Untagged
  m_Icon: {fileID: 0}
  m_NavMeshLayer: 0
  m_StaticEditorFlags: 0
  m_IsActive: 1
--- !u!4 &5473520852243499756
Transform:
  m_ObjectHideFlags: 0
  m_CorrespondingSourceObject: {fileID: 0}
  m_PrefabInstance: {fileID: 0}
  m_PrefabAsset: {fileID: 0}
  m_GameObject: {fileID: 478542389121680321}
  m_LocalRotation: {x: 0, y: -0, z: -0, w: 1}
  m_LocalPosition: {x: -0, y: 0, z: 0}
  m_LocalScale: {x: 1, y: 1, z: 1}
  m_Children: []
  m_Father: {fileID: 5878863165335147645}
  m_RootOrder: 3
  m_LocalEulerAnglesHint: {x: 0, y: 0, z: 0}
--- !u!137 &8754016163600813555
SkinnedMeshRenderer:
  m_ObjectHideFlags: 0
  m_CorrespondingSourceObject: {fileID: 0}
  m_PrefabInstance: {fileID: 0}
  m_PrefabAsset: {fileID: 0}
  m_GameObject: {fileID: 478542389121680321}
  m_Enabled: 1
  m_CastShadows: 1
  m_ReceiveShadows: 1
  m_DynamicOccludee: 1
  m_MotionVectors: 1
  m_LightProbeUsage: 1
  m_ReflectionProbeUsage: 1
  m_RayTracingMode: 0
  m_RenderingLayerMask: 1
  m_RendererPriority: 0
  m_Materials:
  - {fileID: -5991907188887482076, guid: 7daee86049adbca4894ecffbc5b1d991, type: 3}
  m_StaticBatchInfo:
    firstSubMesh: 0
    subMeshCount: 0
  m_StaticBatchRoot: {fileID: 0}
  m_ProbeAnchor: {fileID: 0}
  m_LightProbeVolumeOverride: {fileID: 0}
  m_ScaleInLightmap: 1
  m_ReceiveGI: 1
  m_PreserveUVs: 0
  m_IgnoreNormalsForChartDetection: 0
  m_ImportantGI: 0
  m_StitchLightmapSeams: 1
  m_SelectedEditorRenderState: 3
  m_MinimumChartSize: 4
  m_AutoUVMaxDistance: 0.5
  m_AutoUVMaxAngle: 89
  m_LightmapParameters: {fileID: 0}
  m_SortingLayerID: 0
  m_SortingLayer: 0
  m_SortingOrder: 0
  serializedVersion: 2
  m_Quality: 0
  m_UpdateWhenOffscreen: 0
  m_SkinnedMotionVectors: 1
  m_Mesh: {fileID: 5390651540114983754, guid: 7daee86049adbca4894ecffbc5b1d991, type: 3}
  m_Bones:
  - {fileID: 8736138236043707969}
  m_BlendShapeWeights: []
  m_RootBone: {fileID: 8736138236043707969}
  m_AABB:
    m_Center: {x: 0, y: 0.027902719, z: 0.06146513}
    m_Extent: {x: 0.037126508, y: 0.013746199, z: 0.010737941}
  m_DirtyAABB: 0
--- !u!1 &1063530896226884114
GameObject:
  m_ObjectHideFlags: 0
  m_CorrespondingSourceObject: {fileID: 0}
  m_PrefabInstance: {fileID: 0}
  m_PrefabAsset: {fileID: 0}
  serializedVersion: 6
  m_Component:
  - component: {fileID: 5376698930762380949}
  m_Layer: 0
  m_Name: index_02_l
  m_TagString: Untagged
  m_Icon: {fileID: 0}
  m_NavMeshLayer: 0
  m_StaticEditorFlags: 0
  m_IsActive: 1
--- !u!4 &5376698930762380949
Transform:
  m_ObjectHideFlags: 0
  m_CorrespondingSourceObject: {fileID: 0}
  m_PrefabInstance: {fileID: 0}
  m_PrefabAsset: {fileID: 0}
  m_GameObject: {fileID: 1063530896226884114}
  m_LocalRotation: {x: 0.1081342, y: -0.0025880635, z: -0.0048030624, w: 0.9941214}
  m_LocalPosition: {x: -3.5477395e-11, y: 0.016920539, z: -1.5485008e-10}
  m_LocalScale: {x: 1, y: 1, z: 1}
  m_Children:
  - {fileID: 2872146214712420663}
  m_Father: {fileID: 1334444962272634859}
  m_RootOrder: 0
  m_LocalEulerAnglesHint: {x: 0, y: 0, z: 0}
--- !u!1 &1283122920673641806
GameObject:
  m_ObjectHideFlags: 0
  m_CorrespondingSourceObject: {fileID: 0}
  m_PrefabInstance: {fileID: 0}
  m_PrefabAsset: {fileID: 0}
  serializedVersion: 6
  m_Component:
  - component: {fileID: 510573758879324406}
  m_Layer: 0
  m_Name: pinky_01_r
  m_TagString: Untagged
  m_Icon: {fileID: 0}
  m_NavMeshLayer: 0
  m_StaticEditorFlags: 0
  m_IsActive: 1
--- !u!4 &510573758879324406
Transform:
  m_ObjectHideFlags: 0
  m_CorrespondingSourceObject: {fileID: 0}
  m_PrefabInstance: {fileID: 0}
  m_PrefabAsset: {fileID: 0}
  m_GameObject: {fileID: 1283122920673641806}
  m_LocalRotation: {x: 0.027876971, y: 0.29389524, z: -0.29313216, w: 0.90935254}
  m_LocalPosition: {x: 0.021273265, y: 0.05450584, z: -0.02182757}
  m_LocalScale: {x: 1, y: 1, z: 1}
  m_Children:
  - {fileID: 2481110033607749261}
  m_Father: {fileID: 2830019483939873653}
  m_RootOrder: 2
  m_LocalEulerAnglesHint: {x: 0, y: 0, z: 0}
--- !u!1 &1426610113560180656
GameObject:
  m_ObjectHideFlags: 0
  m_CorrespondingSourceObject: {fileID: 0}
  m_PrefabInstance: {fileID: 0}
  m_PrefabAsset: {fileID: 0}
  serializedVersion: 6
  m_Component:
  - component: {fileID: 1334444962272634859}
  m_Layer: 0
  m_Name: index_01_l
  m_TagString: Untagged
  m_Icon: {fileID: 0}
  m_NavMeshLayer: 0
  m_StaticEditorFlags: 0
  m_IsActive: 1
--- !u!4 &1334444962272634859
Transform:
  m_ObjectHideFlags: 0
  m_CorrespondingSourceObject: {fileID: 0}
  m_PrefabInstance: {fileID: 0}
  m_PrefabAsset: {fileID: 0}
  m_GameObject: {fileID: 1426610113560180656}
  m_LocalRotation: {x: 0.10016136, y: -0.47447753, z: -0.00030212794, w: 0.8745506}
  m_LocalPosition: {x: 0.009487303, y: 0.06918869, z: 0.004617849}
  m_LocalScale: {x: 1, y: 1, z: 1}
  m_Children:
  - {fileID: 5376698930762380949}
  m_Father: {fileID: 528553227186589083}
  m_RootOrder: 0
  m_LocalEulerAnglesHint: {x: 0, y: 0, z: 0}
--- !u!1 &1645284328241425180
GameObject:
  m_ObjectHideFlags: 0
  m_CorrespondingSourceObject: {fileID: 0}
  m_PrefabInstance: {fileID: 0}
  m_PrefabAsset: {fileID: 0}
  serializedVersion: 6
  m_Component:
  - component: {fileID: 9024281053954761493}
  m_Layer: 0
  m_Name: lowerarm_r
  m_TagString: Untagged
  m_Icon: {fileID: 0}
  m_NavMeshLayer: 0
  m_StaticEditorFlags: 0
  m_IsActive: 1
--- !u!4 &9024281053954761493
Transform:
  m_ObjectHideFlags: 0
  m_CorrespondingSourceObject: {fileID: 0}
  m_PrefabInstance: {fileID: 0}
  m_PrefabAsset: {fileID: 0}
  m_GameObject: {fileID: 1645284328241425180}
  m_LocalRotation: {x: 0.40741295, y: -0.004072053, z: -0.007982755, w: 0.91320014}
  m_LocalPosition: {x: -0.000000016726817, y: 0.14686526, z: 0.0000000010331589}
  m_LocalScale: {x: 1, y: 1, z: 1}
  m_Children:
  - {fileID: 2830019483939873653}
  m_Father: {fileID: 4938180046566510312}
  m_RootOrder: 0
  m_LocalEulerAnglesHint: {x: 0, y: 0, z: 0}
--- !u!1 &1953845551986235655
GameObject:
  m_ObjectHideFlags: 0
  m_CorrespondingSourceObject: {fileID: 0}
  m_PrefabInstance: {fileID: 0}
  m_PrefabAsset: {fileID: 0}
  serializedVersion: 6
  m_Component:
  - component: {fileID: 2468080995933794845}
  m_Layer: 0
  m_Name: Game_engine
  m_TagString: Untagged
  m_Icon: {fileID: 0}
  m_NavMeshLayer: 0
  m_StaticEditorFlags: 0
  m_IsActive: 1
--- !u!4 &2468080995933794845
Transform:
  m_ObjectHideFlags: 0
  m_CorrespondingSourceObject: {fileID: 0}
  m_PrefabInstance: {fileID: 0}
  m_PrefabAsset: {fileID: 0}
  m_GameObject: {fileID: 1953845551986235655}
  m_LocalRotation: {x: 0, y: -0, z: -0, w: 1}
  m_LocalPosition: {x: -0, y: 0, z: 0}
  m_LocalScale: {x: 1, y: 1, z: 1}
  m_Children:
  - {fileID: 1279598690972837266}
  m_Father: {fileID: 5878863165335147645}
  m_RootOrder: 1
  m_LocalEulerAnglesHint: {x: 0, y: 0, z: 0}
--- !u!1 &1963725719730311281
GameObject:
  m_ObjectHideFlags: 0
  m_CorrespondingSourceObject: {fileID: 0}
  m_PrefabInstance: {fileID: 0}
  m_PrefabAsset: {fileID: 0}
  serializedVersion: 6
  m_Component:
  - component: {fileID: 2467834714371118806}
  m_Layer: 0
  m_Name: thumb_02_l
  m_TagString: Untagged
  m_Icon: {fileID: 0}
  m_NavMeshLayer: 0
  m_StaticEditorFlags: 0
  m_IsActive: 1
--- !u!4 &2467834714371118806
Transform:
  m_ObjectHideFlags: 0
  m_CorrespondingSourceObject: {fileID: 0}
  m_PrefabInstance: {fileID: 0}
  m_PrefabAsset: {fileID: 0}
  m_GameObject: {fileID: 1963725719730311281}
  m_LocalRotation: {x: 0.07792184, y: 0.019394893, z: 0.1784027, w: 0.9806756}
  m_LocalPosition: {x: -4.144502e-11, y: 0.020008696, z: -2.5510703e-11}
  m_LocalScale: {x: 1, y: 1, z: 1}
  m_Children:
  - {fileID: 3804707915337244292}
  m_Father: {fileID: 8044967659319744492}
  m_RootOrder: 0
  m_LocalEulerAnglesHint: {x: 0, y: 0, z: 0}
--- !u!1 &1999646517449580766
GameObject:
  m_ObjectHideFlags: 0
  m_CorrespondingSourceObject: {fileID: 0}
  m_PrefabInstance: {fileID: 0}
  m_PrefabAsset: {fileID: 0}
  serializedVersion: 6
  m_Component:
  - component: {fileID: 8670136541090903896}
  m_Layer: 0
  m_Name: middle_02_l
  m_TagString: Untagged
  m_Icon: {fileID: 0}
  m_NavMeshLayer: 0
  m_StaticEditorFlags: 0
  m_IsActive: 1
--- !u!4 &8670136541090903896
Transform:
  m_ObjectHideFlags: 0
  m_CorrespondingSourceObject: {fileID: 0}
  m_PrefabInstance: {fileID: 0}
  m_PrefabAsset: {fileID: 0}
  m_GameObject: {fileID: 1999646517449580766}
  m_LocalRotation: {x: 0.04841499, y: -0.0015141354, z: -0.03653934, w: 0.9981576}
  m_LocalPosition: {x: -2.3161893e-11, y: 0.021931885, z: 8.2284304e-11}
  m_LocalScale: {x: 1, y: 1, z: 1}
  m_Children:
  - {fileID: 2273779222445012270}
  m_Father: {fileID: 3783217569508387315}
  m_RootOrder: 0
  m_LocalEulerAnglesHint: {x: 0, y: 0, z: 0}
--- !u!1 &2156123361429975030
GameObject:
  m_ObjectHideFlags: 0
  m_CorrespondingSourceObject: {fileID: 0}
  m_PrefabInstance: {fileID: 0}
  m_PrefabAsset: {fileID: 0}
  serializedVersion: 6
  m_Component:
  - component: {fileID: 2344579186378244457}
  m_Layer: 0
  m_Name: spine_02
  m_TagString: Untagged
  m_Icon: {fileID: 0}
  m_NavMeshLayer: 0
  m_StaticEditorFlags: 0
  m_IsActive: 1
--- !u!4 &2344579186378244457
Transform:
  m_ObjectHideFlags: 0
  m_CorrespondingSourceObject: {fileID: 0}
  m_PrefabInstance: {fileID: 0}
  m_PrefabAsset: {fileID: 0}
  m_GameObject: {fileID: 2156123361429975030}
  m_LocalRotation: {x: -0.04495796, y: 0, z: -0, w: 0.9989889}
  m_LocalPosition: {x: -0, y: 0.04727737, z: -0.000000004422295}
  m_LocalScale: {x: 1, y: 1, z: 1}
  m_Children:
  - {fileID: 7993385026188089594}
  m_Father: {fileID: 6672280633021664719}
  m_RootOrder: 0
  m_LocalEulerAnglesHint: {x: 0, y: 0, z: 0}
--- !u!1 &2387728151864891970
GameObject:
  m_ObjectHideFlags: 0
  m_CorrespondingSourceObject: {fileID: 0}
  m_PrefabInstance: {fileID: 0}
  m_PrefabAsset: {fileID: 0}
  serializedVersion: 6
  m_Component:
  - component: {fileID: 2266611082076292172}
  m_Layer: 0
  m_Name: middle_01_r
  m_TagString: Untagged
  m_Icon: {fileID: 0}
  m_NavMeshLayer: 0
  m_StaticEditorFlags: 0
  m_IsActive: 1
--- !u!4 &2266611082076292172
Transform:
  m_ObjectHideFlags: 0
  m_CorrespondingSourceObject: {fileID: 0}
  m_PrefabInstance: {fileID: 0}
  m_PrefabAsset: {fileID: 0}
  m_GameObject: {fileID: 2387728151864891970}
  m_LocalRotation: {x: 0.08414676, y: 0.40845737, z: -0.14821808, w: 0.8967236}
  m_LocalPosition: {x: 0.0011363192, y: 0.0667116, z: -0.008807502}
  m_LocalScale: {x: 1, y: 1, z: 1}
  m_Children:
  - {fileID: 5484198392484174219}
  m_Father: {fileID: 2830019483939873653}
  m_RootOrder: 1
  m_LocalEulerAnglesHint: {x: 0, y: 0, z: 0}
--- !u!1 &2497158672681341225
GameObject:
  m_ObjectHideFlags: 0
  m_CorrespondingSourceObject: {fileID: 0}
  m_PrefabInstance: {fileID: 0}
  m_PrefabAsset: {fileID: 0}
  serializedVersion: 6
  m_Component:
  - component: {fileID: 7562201990009369282}
  m_Layer: 0
  m_Name: middle_03_r
  m_TagString: Untagged
  m_Icon: {fileID: 0}
  m_NavMeshLayer: 0
  m_StaticEditorFlags: 0
  m_IsActive: 1
--- !u!4 &7562201990009369282
Transform:
  m_ObjectHideFlags: 0
  m_CorrespondingSourceObject: {fileID: 0}
  m_PrefabInstance: {fileID: 0}
  m_PrefabAsset: {fileID: 0}
  m_GameObject: {fileID: 2497158672681341225}
  m_LocalRotation: {x: 0.07756105, y: 0.0000062146214, z: -0.0053894618, w: 0.99697304}
  m_LocalPosition: {x: -1.7070188e-10, y: 0.018218324, z: -1.4982939e-10}
  m_LocalScale: {x: 1, y: 1, z: 1}
  m_Children: []
  m_Father: {fileID: 5484198392484174219}
  m_RootOrder: 0
  m_LocalEulerAnglesHint: {x: 0, y: 0, z: 0}
--- !u!1 &2584825494113068809
GameObject:
  m_ObjectHideFlags: 0
  m_CorrespondingSourceObject: {fileID: 0}
  m_PrefabInstance: {fileID: 0}
  m_PrefabAsset: {fileID: 0}
  serializedVersion: 6
  m_Component:
  - component: {fileID: 7670034310539927111}
  m_Layer: 0
  m_Name: thumb_02_r
  m_TagString: Untagged
  m_Icon: {fileID: 0}
  m_NavMeshLayer: 0
  m_StaticEditorFlags: 0
  m_IsActive: 1
--- !u!4 &7670034310539927111
Transform:
  m_ObjectHideFlags: 0
  m_CorrespondingSourceObject: {fileID: 0}
  m_PrefabInstance: {fileID: 0}
  m_PrefabAsset: {fileID: 0}
  m_GameObject: {fileID: 2584825494113068809}
  m_LocalRotation: {x: 0.07792184, y: -0.019394893, z: -0.1784027, w: 0.9806756}
  m_LocalPosition: {x: 4.144502e-11, y: 0.020008696, z: -2.5510703e-11}
  m_LocalScale: {x: 1, y: 1, z: 1}
  m_Children:
  - {fileID: 1075740722249071377}
  m_Father: {fileID: 3454914633777020231}
  m_RootOrder: 0
  m_LocalEulerAnglesHint: {x: 0, y: 0, z: 0}
--- !u!1 &2744562245998068378
GameObject:
  m_ObjectHideFlags: 0
  m_CorrespondingSourceObject: {fileID: 0}
  m_PrefabInstance: {fileID: 0}
  m_PrefabAsset: {fileID: 0}
  serializedVersion: 6
  m_Component:
  - component: {fileID: 7993385026188089594}
  m_Layer: 0
  m_Name: spine_03
  m_TagString: Untagged
  m_Icon: {fileID: 0}
  m_NavMeshLayer: 0
  m_StaticEditorFlags: 0
  m_IsActive: 1
--- !u!4 &7993385026188089594
Transform:
  m_ObjectHideFlags: 0
  m_CorrespondingSourceObject: {fileID: 0}
  m_PrefabInstance: {fileID: 0}
  m_PrefabAsset: {fileID: 0}
  m_GameObject: {fileID: 2744562245998068378}
  m_LocalRotation: {x: -0.16871813, y: 0, z: -0, w: 0.98566437}
  m_LocalPosition: {x: -0, y: 0.05784371, z: 0.0000000040476427}
  m_LocalScale: {x: 1, y: 1, z: 1}
  m_Children:
  - {fileID: 3321155004605311396}
  - {fileID: 6285079923302550918}
  - {fileID: 1009409069479495747}
  m_Father: {fileID: 2344579186378244457}
  m_RootOrder: 0
  m_LocalEulerAnglesHint: {x: 0, y: 0, z: 0}
--- !u!1 &2908578361762912589
GameObject:
  m_ObjectHideFlags: 0
  m_CorrespondingSourceObject: {fileID: 0}
  m_PrefabInstance: {fileID: 0}
  m_PrefabAsset: {fileID: 0}
  serializedVersion: 6
  m_Component:
  - component: {fileID: 5483025254503429734}
  m_Layer: 0
  m_Name: ring_03_l
  m_TagString: Untagged
  m_Icon: {fileID: 0}
  m_NavMeshLayer: 0
  m_StaticEditorFlags: 0
  m_IsActive: 1
--- !u!4 &5483025254503429734
Transform:
  m_ObjectHideFlags: 0
  m_CorrespondingSourceObject: {fileID: 0}
  m_PrefabInstance: {fileID: 0}
  m_PrefabAsset: {fileID: 0}
  m_GameObject: {fileID: 2908578361762912589}
  m_LocalRotation: {x: 0.06830923, y: 0.00006531344, z: 0.025620688, w: 0.9973352}
  m_LocalPosition: {x: 0.00000000946253, y: 0.01626109, z: -0.000000009467813}
  m_LocalScale: {x: 1, y: 1, z: 1}
  m_Children: []
  m_Father: {fileID: 1413226347377173859}
  m_RootOrder: 0
  m_LocalEulerAnglesHint: {x: 0, y: 0, z: 0}
--- !u!1 &3072151022254784907
GameObject:
  m_ObjectHideFlags: 0
  m_CorrespondingSourceObject: {fileID: 0}
  m_PrefabInstance: {fileID: 0}
  m_PrefabAsset: {fileID: 0}
  serializedVersion: 6
  m_Component:
  - component: {fileID: 5969150704595019498}
  m_Layer: 0
  m_Name: thigh_l
  m_TagString: Untagged
  m_Icon: {fileID: 0}
  m_NavMeshLayer: 0
  m_StaticEditorFlags: 0
  m_IsActive: 1
--- !u!4 &5969150704595019498
Transform:
  m_ObjectHideFlags: 0
  m_CorrespondingSourceObject: {fileID: 0}
  m_PrefabInstance: {fileID: 0}
  m_PrefabAsset: {fileID: 0}
  m_GameObject: {fileID: 3072151022254784907}
  m_LocalRotation: {x: 0.9011879, y: -0.12044062, z: 0.16902347, w: -0.38050696}
  m_LocalPosition: {x: -0.065181345, y: -0.022976356, z: -0.01184345}
  m_LocalScale: {x: 1, y: 1, z: 1}
  m_Children:
  - {fileID: 2364567349962567380}
  m_Father: {fileID: 5520837972702073427}
  m_RootOrder: 1
  m_LocalEulerAnglesHint: {x: 0, y: 0, z: 0}
--- !u!1 &3212302825178897958
GameObject:
  m_ObjectHideFlags: 0
  m_CorrespondingSourceObject: {fileID: 0}
  m_PrefabInstance: {fileID: 0}
  m_PrefabAsset: {fileID: 0}
  serializedVersion: 6
  m_Component:
  - component: {fileID: 3804707915337244292}
  m_Layer: 0
  m_Name: thumb_03_l
  m_TagString: Untagged
  m_Icon: {fileID: 0}
  m_NavMeshLayer: 0
  m_StaticEditorFlags: 0
  m_IsActive: 1
--- !u!4 &3804707915337244292
Transform:
  m_ObjectHideFlags: 0
  m_CorrespondingSourceObject: {fileID: 0}
  m_PrefabInstance: {fileID: 0}
  m_PrefabAsset: {fileID: 0}
  m_GameObject: {fileID: 3212302825178897958}
  m_LocalRotation: {x: 0.13936085, y: 0.004460684, z: 0.031679377, w: 0.98972476}
  m_LocalPosition: {x: 2.4167465e-10, y: 0.023705991, z: -3.1446665e-11}
  m_LocalScale: {x: 1, y: 1, z: 1}
  m_Children: []
  m_Father: {fileID: 2467834714371118806}
  m_RootOrder: 0
  m_LocalEulerAnglesHint: {x: 0, y: 0, z: 0}
--- !u!1 &3505335183839388824
GameObject:
  m_ObjectHideFlags: 0
  m_CorrespondingSourceObject: {fileID: 0}
  m_PrefabInstance: {fileID: 0}
  m_PrefabAsset: {fileID: 0}
  serializedVersion: 6
  m_Component:
  - component: {fileID: 1413226347377173859}
  m_Layer: 0
  m_Name: ring_02_l
  m_TagString: Untagged
  m_Icon: {fileID: 0}
  m_NavMeshLayer: 0
  m_StaticEditorFlags: 0
  m_IsActive: 1
--- !u!4 &1413226347377173859
Transform:
  m_ObjectHideFlags: 0
  m_CorrespondingSourceObject: {fileID: 0}
  m_PrefabInstance: {fileID: 0}
  m_PrefabAsset: {fileID: 0}
  m_GameObject: {fileID: 3505335183839388824}
  m_LocalRotation: {x: 0.07224532, y: -0.0013512963, z: -0.045208227, w: 0.9963609}
  m_LocalPosition: {x: -1.5194569e-10, y: 0.019494632, z: 3.0416344e-10}
  m_LocalScale: {x: 1, y: 1, z: 1}
  m_Children:
  - {fileID: 5483025254503429734}
  m_Father: {fileID: 3650679551746657160}
  m_RootOrder: 0
  m_LocalEulerAnglesHint: {x: 0, y: 0, z: 0}
--- !u!1 &3509956281489975892
GameObject:
  m_ObjectHideFlags: 0
  m_CorrespondingSourceObject: {fileID: 0}
  m_PrefabInstance: {fileID: 0}
  m_PrefabAsset: {fileID: 0}
  serializedVersion: 6
  m_Component:
  - component: {fileID: 3675163096025385282}
  m_Layer: 0
  m_Name: index_02_r
  m_TagString: Untagged
  m_Icon: {fileID: 0}
  m_NavMeshLayer: 0
  m_StaticEditorFlags: 0
  m_IsActive: 1
--- !u!4 &3675163096025385282
Transform:
  m_ObjectHideFlags: 0
  m_CorrespondingSourceObject: {fileID: 0}
  m_PrefabInstance: {fileID: 0}
  m_PrefabAsset: {fileID: 0}
  m_GameObject: {fileID: 3509956281489975892}
  m_LocalRotation: {x: 0.1081342, y: 0.0025880635, z: 0.0048030624, w: 0.9941214}
  m_LocalPosition: {x: 3.5477395e-11, y: 0.016920539, z: -1.5485008e-10}
  m_LocalScale: {x: 1, y: 1, z: 1}
  m_Children:
  - {fileID: 5438551805668653058}
  m_Father: {fileID: 5304875435120890461}
  m_RootOrder: 0
  m_LocalEulerAnglesHint: {x: 0, y: 0, z: 0}
--- !u!1 &3726518289902268804
GameObject:
  m_ObjectHideFlags: 0
  m_CorrespondingSourceObject: {fileID: 0}
  m_PrefabInstance: {fileID: 0}
  m_PrefabAsset: {fileID: 0}
  serializedVersion: 6
  m_Component:
  - component: {fileID: 2364567349962567380}
  m_Layer: 0
  m_Name: calf_l
  m_TagString: Untagged
  m_Icon: {fileID: 0}
  m_NavMeshLayer: 0
  m_StaticEditorFlags: 0
  m_IsActive: 1
--- !u!4 &2364567349962567380
Transform:
  m_ObjectHideFlags: 0
  m_CorrespondingSourceObject: {fileID: 0}
  m_PrefabInstance: {fileID: 0}
  m_PrefabAsset: {fileID: 0}
  m_GameObject: {fileID: 3726518289902268804}
  m_LocalRotation: {x: 0.08905188, y: -0.21990982, z: 0.02471602, w: 0.97113264}
  m_LocalPosition: {x: 1.2016091e-10, y: 0.24636987, z: 5.6808314e-10}
  m_LocalScale: {x: 1, y: 1, z: 1}
  m_Children:
  - {fileID: 7052037642217768351}
  m_Father: {fileID: 5969150704595019498}
  m_RootOrder: 0
  m_LocalEulerAnglesHint: {x: 0, y: 0, z: 0}
--- !u!1 &3958594799574843288
GameObject:
  m_ObjectHideFlags: 0
  m_CorrespondingSourceObject: {fileID: 0}
  m_PrefabInstance: {fileID: 0}
  m_PrefabAsset: {fileID: 0}
  serializedVersion: 6
  m_Component:
  - component: {fileID: 1064077857609127424}
  m_Layer: 0
  m_Name: lowerarm_l
  m_TagString: Untagged
  m_Icon: {fileID: 0}
  m_NavMeshLayer: 0
  m_StaticEditorFlags: 0
  m_IsActive: 1
--- !u!4 &1064077857609127424
Transform:
  m_ObjectHideFlags: 0
  m_CorrespondingSourceObject: {fileID: 0}
  m_PrefabInstance: {fileID: 0}
  m_PrefabAsset: {fileID: 0}
  m_GameObject: {fileID: 3958594799574843288}
  m_LocalRotation: {x: 0.40741295, y: 0.004072053, z: 0.007982755, w: 0.91320014}
  m_LocalPosition: {x: 0.000000016726817, y: 0.14686526, z: 0.0000000010331589}
  m_LocalScale: {x: 1, y: 1, z: 1}
  m_Children:
  - {fileID: 528553227186589083}
  m_Father: {fileID: 2744868528922875710}
  m_RootOrder: 0
  m_LocalEulerAnglesHint: {x: 0, y: 0, z: 0}
--- !u!1 &3958686656944613933
GameObject:
  m_ObjectHideFlags: 0
  m_CorrespondingSourceObject: {fileID: 0}
  m_PrefabInstance: {fileID: 0}
  m_PrefabAsset: {fileID: 0}
  serializedVersion: 6
  m_Component:
  - component: {fileID: 8781531034976931863}
  m_Layer: 0
  m_Name: calf_r
  m_TagString: Untagged
  m_Icon: {fileID: 0}
  m_NavMeshLayer: 0
  m_StaticEditorFlags: 0
  m_IsActive: 1
--- !u!4 &8781531034976931863
Transform:
  m_ObjectHideFlags: 0
  m_CorrespondingSourceObject: {fileID: 0}
  m_PrefabInstance: {fileID: 0}
  m_PrefabAsset: {fileID: 0}
  m_GameObject: {fileID: 3958686656944613933}
  m_LocalRotation: {x: 0.08905188, y: 0.21990982, z: -0.02471602, w: 0.97113264}
  m_LocalPosition: {x: -1.2016091e-10, y: 0.24636987, z: 5.6808314e-10}
  m_LocalScale: {x: 1, y: 1, z: 1}
  m_Children:
  - {fileID: 6305740879801617409}
  m_Father: {fileID: 7630424053712987638}
  m_RootOrder: 0
  m_LocalEulerAnglesHint: {x: 0, y: 0, z: 0}
--- !u!1 &4133827832641796556
GameObject:
  m_ObjectHideFlags: 0
  m_CorrespondingSourceObject: {fileID: 0}
  m_PrefabInstance: {fileID: 0}
  m_PrefabAsset: {fileID: 0}
  serializedVersion: 6
  m_Component:
  - component: {fileID: 5484198392484174219}
  m_Layer: 0
  m_Name: middle_02_r
  m_TagString: Untagged
  m_Icon: {fileID: 0}
  m_NavMeshLayer: 0
  m_StaticEditorFlags: 0
  m_IsActive: 1
--- !u!4 &5484198392484174219
Transform:
  m_ObjectHideFlags: 0
  m_CorrespondingSourceObject: {fileID: 0}
  m_PrefabInstance: {fileID: 0}
  m_PrefabAsset: {fileID: 0}
  m_GameObject: {fileID: 4133827832641796556}
  m_LocalRotation: {x: 0.04841499, y: 0.0015141354, z: 0.03653934, w: 0.9981576}
  m_LocalPosition: {x: 2.3161893e-11, y: 0.021931885, z: 8.2284304e-11}
  m_LocalScale: {x: 1, y: 1, z: 1}
  m_Children:
  - {fileID: 7562201990009369282}
  m_Father: {fileID: 2266611082076292172}
  m_RootOrder: 0
  m_LocalEulerAnglesHint: {x: 0, y: 0, z: 0}
--- !u!1 &4176610818867837662
GameObject:
  m_ObjectHideFlags: 0
  m_CorrespondingSourceObject: {fileID: 0}
  m_PrefabInstance: {fileID: 0}
  m_PrefabAsset: {fileID: 0}
  serializedVersion: 6
  m_Component:
  - component: {fileID: 6285079923302550918}
  m_Layer: 0
  m_Name: clavicle_r
  m_TagString: Untagged
  m_Icon: {fileID: 0}
  m_NavMeshLayer: 0
  m_StaticEditorFlags: 0
  m_IsActive: 1
--- !u!4 &6285079923302550918
Transform:
  m_ObjectHideFlags: 0
  m_CorrespondingSourceObject: {fileID: 0}
  m_PrefabInstance: {fileID: 0}
  m_PrefabAsset: {fileID: 0}
  m_GameObject: {fileID: 4176610818867837662}
  m_LocalRotation: {x: -0.025448164, y: 0.029868571, z: -0.7759565, w: 0.62956476}
  m_LocalPosition: {x: 0.014680839, y: 0.14096402, z: 0.03734986}
  m_LocalScale: {x: 1, y: 1, z: 1}
  m_Children:
  - {fileID: 4938180046566510312}
  m_Father: {fileID: 7993385026188089594}
  m_RootOrder: 1
  m_LocalEulerAnglesHint: {x: 0, y: 0, z: 0}
--- !u!1 &4303573516778974843
GameObject:
  m_ObjectHideFlags: 0
  m_CorrespondingSourceObject: {fileID: 0}
  m_PrefabInstance: {fileID: 0}
  m_PrefabAsset: {fileID: 0}
  serializedVersion: 6
  m_Component:
  - component: {fileID: 2872146214712420663}
  m_Layer: 0
  m_Name: index_03_l
  m_TagString: Untagged
  m_Icon: {fileID: 0}
  m_NavMeshLayer: 0
  m_StaticEditorFlags: 0
  m_IsActive: 1
--- !u!4 &2872146214712420663
Transform:
  m_ObjectHideFlags: 0
  m_CorrespondingSourceObject: {fileID: 0}
  m_PrefabInstance: {fileID: 0}
  m_PrefabAsset: {fileID: 0}
  m_GameObject: {fileID: 4303573516778974843}
  m_LocalRotation: {x: 0.06260965, y: -0.00008743833, z: -0.017665949, w: 0.99788177}
  m_LocalPosition: {x: -0.000000023746171, y: 0.0150868315, z: 0.000000025483244}
  m_LocalScale: {x: 1, y: 1, z: 1}
  m_Children: []
  m_Father: {fileID: 5376698930762380949}
  m_RootOrder: 0
  m_LocalEulerAnglesHint: {x: 0, y: 0, z: 0}
--- !u!1 &4362412465570168599
GameObject:
  m_ObjectHideFlags: 0
  m_CorrespondingSourceObject: {fileID: 0}
  m_PrefabInstance: {fileID: 0}
  m_PrefabAsset: {fileID: 0}
  serializedVersion: 6
  m_Component:
  - component: {fileID: 3783217569508387315}
  m_Layer: 0
  m_Name: middle_01_l
  m_TagString: Untagged
  m_Icon: {fileID: 0}
  m_NavMeshLayer: 0
  m_StaticEditorFlags: 0
  m_IsActive: 1
--- !u!4 &3783217569508387315
Transform:
  m_ObjectHideFlags: 0
  m_CorrespondingSourceObject: {fileID: 0}
  m_PrefabInstance: {fileID: 0}
  m_PrefabAsset: {fileID: 0}
  m_GameObject: {fileID: 4362412465570168599}
  m_LocalRotation: {x: 0.08414676, y: -0.40845737, z: 0.14821808, w: 0.8967236}
  m_LocalPosition: {x: -0.0011363192, y: 0.0667116, z: -0.008807502}
  m_LocalScale: {x: 1, y: 1, z: 1}
  m_Children:
  - {fileID: 8670136541090903896}
  m_Father: {fileID: 528553227186589083}
  m_RootOrder: 1
  m_LocalEulerAnglesHint: {x: 0, y: 0, z: 0}
--- !u!1 &4439280330359374816
GameObject:
  m_ObjectHideFlags: 0
  m_CorrespondingSourceObject: {fileID: 0}
  m_PrefabInstance: {fileID: 0}
  m_PrefabAsset: {fileID: 0}
  serializedVersion: 6
  m_Component:
  - component: {fileID: 6672280633021664719}
  m_Layer: 0
  m_Name: spine_01
  m_TagString: Untagged
  m_Icon: {fileID: 0}
  m_NavMeshLayer: 0
  m_StaticEditorFlags: 0
  m_IsActive: 1
--- !u!4 &6672280633021664719
Transform:
  m_ObjectHideFlags: 0
  m_CorrespondingSourceObject: {fileID: 0}
  m_PrefabInstance: {fileID: 0}
  m_PrefabAsset: {fileID: 0}
  m_GameObject: {fileID: 4439280330359374816}
  m_LocalRotation: {x: 0.5028636, y: 0, z: -0, w: 0.8643658}
  m_LocalPosition: {x: -0, y: 0.029688723, z: -0.000000001048958}
  m_LocalScale: {x: 1, y: 1, z: 1}
  m_Children:
  - {fileID: 2344579186378244457}
  m_Father: {fileID: 5520837972702073427}
  m_RootOrder: 0
  m_LocalEulerAnglesHint: {x: 0, y: 0, z: 0}
--- !u!1 &4445007538772568235
GameObject:
  m_ObjectHideFlags: 0
  m_CorrespondingSourceObject: {fileID: 0}
  m_PrefabInstance: {fileID: 0}
  m_PrefabAsset: {fileID: 0}
  serializedVersion: 6
  m_Component:
  - component: {fileID: 1075740722249071377}
  m_Layer: 0
  m_Name: thumb_03_r
  m_TagString: Untagged
  m_Icon: {fileID: 0}
  m_NavMeshLayer: 0
  m_StaticEditorFlags: 0
  m_IsActive: 1
--- !u!4 &1075740722249071377
Transform:
  m_ObjectHideFlags: 0
  m_CorrespondingSourceObject: {fileID: 0}
  m_PrefabInstance: {fileID: 0}
  m_PrefabAsset: {fileID: 0}
  m_GameObject: {fileID: 4445007538772568235}
  m_LocalRotation: {x: 0.13936085, y: -0.004460684, z: -0.031679377, w: 0.98972476}
  m_LocalPosition: {x: -2.4167465e-10, y: 0.023705991, z: -3.1446665e-11}
  m_LocalScale: {x: 1, y: 1, z: 1}
  m_Children: []
  m_Father: {fileID: 7670034310539927111}
  m_RootOrder: 0
  m_LocalEulerAnglesHint: {x: 0, y: 0, z: 0}
--- !u!1 &4961054138886901072
GameObject:
  m_ObjectHideFlags: 0
  m_CorrespondingSourceObject: {fileID: 0}
  m_PrefabInstance: {fileID: 0}
  m_PrefabAsset: {fileID: 0}
  serializedVersion: 6
  m_Component:
  - component: {fileID: 2744868528922875710}
  m_Layer: 0
  m_Name: upperarm_l
  m_TagString: Untagged
  m_Icon: {fileID: 0}
  m_NavMeshLayer: 0
  m_StaticEditorFlags: 0
  m_IsActive: 1
--- !u!4 &2744868528922875710
Transform:
  m_ObjectHideFlags: 0
  m_CorrespondingSourceObject: {fileID: 0}
  m_PrefabInstance: {fileID: 0}
  m_PrefabAsset: {fileID: 0}
  m_GameObject: {fileID: 4961054138886901072}
  m_LocalRotation: {x: -0.058307517, y: -0.05853589, z: 0.30706298, w: 0.9480961}
  m_LocalPosition: {x: 0.0000000027829954, y: 0.080490306, z: 6.174456e-10}
  m_LocalScale: {x: 1, y: 1, z: 1}
  m_Children:
  - {fileID: 1064077857609127424}
  m_Father: {fileID: 3321155004605311396}
  m_RootOrder: 0
  m_LocalEulerAnglesHint: {x: 0, y: 0, z: 0}
--- !u!1 &4968748560361673823
GameObject:
  m_ObjectHideFlags: 0
  m_CorrespondingSourceObject: {fileID: 0}
  m_PrefabInstance: {fileID: 0}
  m_PrefabAsset: {fileID: 0}
  serializedVersion: 6
  m_Component:
  - component: {fileID: 6305740879801617409}
  m_Layer: 0
  m_Name: foot_r
  m_TagString: Untagged
  m_Icon: {fileID: 0}
  m_NavMeshLayer: 0
  m_StaticEditorFlags: 0
  m_IsActive: 1
--- !u!4 &6305740879801617409
Transform:
  m_ObjectHideFlags: 0
  m_CorrespondingSourceObject: {fileID: 0}
  m_PrefabInstance: {fileID: 0}
  m_PrefabAsset: {fileID: 0}
  m_GameObject: {fileID: 4968748560361673823}
  m_LocalRotation: {x: -0.55718434, y: -0.000000088296716, z: -0.00000007897704, w: 0.83038884}
  m_LocalPosition: {x: -8.078786e-10, y: 0.21893193, z: -0.000000003617693}
  m_LocalScale: {x: 1, y: 1, z: 1}
  m_Children:
  - {fileID: 6902697251601508407}
  m_Father: {fileID: 8781531034976931863}
  m_RootOrder: 0
  m_LocalEulerAnglesHint: {x: 0, y: 0, z: 0}
--- !u!1 &5274901389505657809
GameObject:
  m_ObjectHideFlags: 0
  m_CorrespondingSourceObject: {fileID: 0}
  m_PrefabInstance: {fileID: 0}
  m_PrefabAsset: {fileID: 0}
  serializedVersion: 6
  m_Component:
  - component: {fileID: 4565864142488427929}
  m_Layer: 0
  m_Name: pinky_01_l
  m_TagString: Untagged
  m_Icon: {fileID: 0}
  m_NavMeshLayer: 0
  m_StaticEditorFlags: 0
  m_IsActive: 1
--- !u!4 &4565864142488427929
Transform:
  m_ObjectHideFlags: 0
  m_CorrespondingSourceObject: {fileID: 0}
  m_PrefabInstance: {fileID: 0}
  m_PrefabAsset: {fileID: 0}
  m_GameObject: {fileID: 5274901389505657809}
  m_LocalRotation: {x: 0.027876971, y: -0.29389524, z: 0.29313216, w: 0.90935254}
  m_LocalPosition: {x: -0.021273265, y: 0.05450584, z: -0.02182757}
  m_LocalScale: {x: 1, y: 1, z: 1}
  m_Children:
  - {fileID: 2406896690072367845}
  m_Father: {fileID: 528553227186589083}
  m_RootOrder: 2
  m_LocalEulerAnglesHint: {x: 0, y: 0, z: 0}
--- !u!1 &5316007184055479790
GameObject:
  m_ObjectHideFlags: 0
  m_CorrespondingSourceObject: {fileID: 0}
  m_PrefabInstance: {fileID: 0}
  m_PrefabAsset: {fileID: 0}
  serializedVersion: 6
  m_Component:
  - component: {fileID: 8044967659319744492}
  m_Layer: 0
  m_Name: thumb_01_l
  m_TagString: Untagged
  m_Icon: {fileID: 0}
  m_NavMeshLayer: 0
  m_StaticEditorFlags: 0
  m_IsActive: 1
--- !u!4 &8044967659319744492
Transform:
  m_ObjectHideFlags: 0
  m_CorrespondingSourceObject: {fileID: 0}
  m_PrefabInstance: {fileID: 0}
  m_PrefabAsset: {fileID: 0}
  m_GameObject: {fileID: 5316007184055479790}
  m_LocalRotation: {x: -0.25457624, y: 0.7335334, z: 0.43813223, w: -0.45294592}
  m_LocalPosition: {x: 0.009511787, y: 0.026099164, z: 0.009527141}
  m_LocalScale: {x: 1, y: 1, z: 1}
  m_Children:
  - {fileID: 2467834714371118806}
  m_Father: {fileID: 528553227186589083}
  m_RootOrder: 4
  m_LocalEulerAnglesHint: {x: 0, y: 0, z: 0}
--- !u!1 &5427738132293006406
GameObject:
  m_ObjectHideFlags: 0
  m_CorrespondingSourceObject: {fileID: 0}
  m_PrefabInstance: {fileID: 0}
  m_PrefabAsset: {fileID: 0}
  serializedVersion: 6
  m_Component:
  - component: {fileID: 4938180046566510312}
  m_Layer: 0
  m_Name: upperarm_r
  m_TagString: Untagged
  m_Icon: {fileID: 0}
  m_NavMeshLayer: 0
  m_StaticEditorFlags: 0
  m_IsActive: 1
--- !u!4 &4938180046566510312
Transform:
  m_ObjectHideFlags: 0
  m_CorrespondingSourceObject: {fileID: 0}
  m_PrefabInstance: {fileID: 0}
  m_PrefabAsset: {fileID: 0}
  m_GameObject: {fileID: 5427738132293006406}
  m_LocalRotation: {x: -0.058307517, y: 0.05853589, z: -0.30706298, w: 0.9480961}
  m_LocalPosition: {x: -0.0000000027829954, y: 0.080490306, z: 6.174456e-10}
  m_LocalScale: {x: 1, y: 1, z: 1}
  m_Children:
  - {fileID: 9024281053954761493}
  m_Father: {fileID: 6285079923302550918}
  m_RootOrder: 0
  m_LocalEulerAnglesHint: {x: 0, y: 0, z: 0}
--- !u!1 &5541226063331208340
GameObject:
  m_ObjectHideFlags: 0
  m_CorrespondingSourceObject: {fileID: 0}
  m_PrefabInstance: {fileID: 0}
  m_PrefabAsset: {fileID: 0}
  serializedVersion: 6
  m_Component:
  - component: {fileID: 1279598690972837266}
  m_Layer: 0
  m_Name: Root
  m_TagString: Untagged
  m_Icon: {fileID: 0}
  m_NavMeshLayer: 0
  m_StaticEditorFlags: 0
  m_IsActive: 1
--- !u!4 &1279598690972837266
Transform:
  m_ObjectHideFlags: 0
  m_CorrespondingSourceObject: {fileID: 0}
  m_PrefabInstance: {fileID: 0}
  m_PrefabAsset: {fileID: 0}
  m_GameObject: {fileID: 5541226063331208340}
  m_LocalRotation: {x: 0.5, y: -0.5, z: -0.5, w: 0.5}
  m_LocalPosition: {x: -0, y: 0, z: -0.02617469}
  m_LocalScale: {x: 1, y: 1, z: 1}
  m_Children:
  - {fileID: 5520837972702073427}
  m_Father: {fileID: 2468080995933794845}
  m_RootOrder: 0
  m_LocalEulerAnglesHint: {x: 0, y: 0, z: 0}
--- !u!1 &5549102017832625466
GameObject:
  m_ObjectHideFlags: 0
  m_CorrespondingSourceObject: {fileID: 0}
  m_PrefabInstance: {fileID: 0}
  m_PrefabAsset: {fileID: 0}
  serializedVersion: 6
  m_Component:
  - component: {fileID: 8736138236043707969}
  m_Layer: 0
  m_Name: head
  m_TagString: Untagged
  m_Icon: {fileID: 0}
  m_NavMeshLayer: 0
  m_StaticEditorFlags: 0
  m_IsActive: 1
--- !u!4 &8736138236043707969
Transform:
  m_ObjectHideFlags: 0
  m_CorrespondingSourceObject: {fileID: 0}
  m_PrefabInstance: {fileID: 0}
  m_PrefabAsset: {fileID: 0}
  m_GameObject: {fileID: 5549102017832625466}
  m_LocalRotation: {x: -0.16037719, y: -0.0000000059967884, z: -9.743604e-10, w: 0.98705584}
  m_LocalPosition: {x: -2.9945571e-16, y: 0.06361198, z: 0.000000024644816}
  m_LocalScale: {x: 1, y: 1, z: 1}
  m_Children: []
  m_Father: {fileID: 1009409069479495747}
  m_RootOrder: 0
  m_LocalEulerAnglesHint: {x: 0, y: 0, z: 0}
--- !u!1 &5659815831371626150
GameObject:
  m_ObjectHideFlags: 0
  m_CorrespondingSourceObject: {fileID: 0}
  m_PrefabInstance: {fileID: 0}
  m_PrefabAsset: {fileID: 0}
  serializedVersion: 6
  m_Component:
  - component: {fileID: 7630424053712987638}
  m_Layer: 0
  m_Name: thigh_r
  m_TagString: Untagged
  m_Icon: {fileID: 0}
  m_NavMeshLayer: 0
  m_StaticEditorFlags: 0
  m_IsActive: 1
--- !u!4 &7630424053712987638
Transform:
  m_ObjectHideFlags: 0
  m_CorrespondingSourceObject: {fileID: 0}
  m_PrefabInstance: {fileID: 0}
  m_PrefabAsset: {fileID: 0}
  m_GameObject: {fileID: 5659815831371626150}
  m_LocalRotation: {x: 0.9011879, y: 0.12044062, z: -0.16902347, w: -0.38050696}
  m_LocalPosition: {x: 0.065181345, y: -0.022976356, z: -0.01184345}
  m_LocalScale: {x: 1, y: 1, z: 1}
  m_Children:
  - {fileID: 8781531034976931863}
  m_Father: {fileID: 5520837972702073427}
  m_RootOrder: 2
  m_LocalEulerAnglesHint: {x: 0, y: 0, z: 0}
--- !u!1 &6196312866397505331
GameObject:
  m_ObjectHideFlags: 0
  m_CorrespondingSourceObject: {fileID: 0}
  m_PrefabInstance: {fileID: 0}
  m_PrefabAsset: {fileID: 0}
  serializedVersion: 6
  m_Component:
  - component: {fileID: 8925550291006648685}
  - component: {fileID: 8019418859206090977}
  m_Layer: 0
  m_Name: headsetMesh
  m_TagString: Untagged
  m_Icon: {fileID: 0}
  m_NavMeshLayer: 0
  m_StaticEditorFlags: 0
  m_IsActive: 1
--- !u!4 &8925550291006648685
Transform:
  m_ObjectHideFlags: 0
  m_CorrespondingSourceObject: {fileID: 0}
  m_PrefabInstance: {fileID: 0}
  m_PrefabAsset: {fileID: 0}
  m_GameObject: {fileID: 6196312866397505331}
  m_LocalRotation: {x: 0, y: -0, z: -0, w: 1}
  m_LocalPosition: {x: -0, y: 0, z: 0}
  m_LocalScale: {x: 1, y: 1, z: 1}
  m_Children: []
  m_Father: {fileID: 5878863165335147645}
  m_RootOrder: 2
  m_LocalEulerAnglesHint: {x: 0, y: 0, z: 0}
--- !u!137 &8019418859206090977
SkinnedMeshRenderer:
  m_ObjectHideFlags: 0
  m_CorrespondingSourceObject: {fileID: 0}
  m_PrefabInstance: {fileID: 0}
  m_PrefabAsset: {fileID: 0}
  m_GameObject: {fileID: 6196312866397505331}
  m_Enabled: 1
  m_CastShadows: 1
  m_ReceiveShadows: 1
  m_DynamicOccludee: 1
  m_MotionVectors: 1
  m_LightProbeUsage: 1
  m_ReflectionProbeUsage: 1
  m_RayTracingMode: 0
  m_RenderingLayerMask: 1
  m_RendererPriority: 0
  m_Materials:
  - {fileID: 5833034879993625696, guid: 7daee86049adbca4894ecffbc5b1d991, type: 3}
  m_StaticBatchInfo:
    firstSubMesh: 0
    subMeshCount: 0
  m_StaticBatchRoot: {fileID: 0}
  m_ProbeAnchor: {fileID: 0}
  m_LightProbeVolumeOverride: {fileID: 0}
  m_ScaleInLightmap: 1
  m_ReceiveGI: 1
  m_PreserveUVs: 0
  m_IgnoreNormalsForChartDetection: 0
  m_ImportantGI: 0
  m_StitchLightmapSeams: 1
  m_SelectedEditorRenderState: 3
  m_MinimumChartSize: 4
  m_AutoUVMaxDistance: 0.5
  m_AutoUVMaxAngle: 89
  m_LightmapParameters: {fileID: 0}
  m_SortingLayerID: 0
  m_SortingLayer: 0
  m_SortingOrder: 0
  serializedVersion: 2
  m_Quality: 0
  m_UpdateWhenOffscreen: 0
  m_SkinnedMotionVectors: 1
  m_Mesh: {fileID: -664623408756413022, guid: 7daee86049adbca4894ecffbc5b1d991, type: 3}
  m_Bones:
  - {fileID: 1009409069479495747}
  - {fileID: 8736138236043707969}
  m_BlendShapeWeights: []
  m_RootBone: {fileID: 1009409069479495747}
  m_AABB:
    m_Center: {x: -0.00195425, y: 0.11654037, z: 0.020370036}
    m_Extent: {x: 0.08890577, y: 0.108032495, z: 0.09405917}
  m_DirtyAABB: 0
--- !u!1 &6303771300317958676
GameObject:
  m_ObjectHideFlags: 0
  m_CorrespondingSourceObject: {fileID: 0}
  m_PrefabInstance: {fileID: 0}
  m_PrefabAsset: {fileID: 0}
  serializedVersion: 6
  m_Component:
  - component: {fileID: 6902697251601508407}
  m_Layer: 0
  m_Name: ball_r
  m_TagString: Untagged
  m_Icon: {fileID: 0}
  m_NavMeshLayer: 0
  m_StaticEditorFlags: 0
  m_IsActive: 1
--- !u!4 &6902697251601508407
Transform:
  m_ObjectHideFlags: 0
  m_CorrespondingSourceObject: {fileID: 0}
  m_PrefabInstance: {fileID: 0}
  m_PrefabAsset: {fileID: 0}
  m_GameObject: {fileID: 6303771300317958676}
  m_LocalRotation: {x: -0.28988472, y: 0.020397613, z: 0.018043444, w: 0.9566741}
  m_LocalPosition: {x: -1.7996454e-10, y: 0.08007321, z: 0.0000000016098093}
  m_LocalScale: {x: 1, y: 1, z: 1}
  m_Children: []
  m_Father: {fileID: 6305740879801617409}
  m_RootOrder: 0
  m_LocalEulerAnglesHint: {x: 0, y: 0, z: 0}
--- !u!1 &6547734998388985543
GameObject:
  m_ObjectHideFlags: 0
  m_CorrespondingSourceObject: {fileID: 0}
  m_PrefabInstance: {fileID: 0}
  m_PrefabAsset: {fileID: 0}
  serializedVersion: 6
  m_Component:
  - component: {fileID: 5878863165335147645}
  - component: {fileID: 6205770739985118100}
  m_Layer: 0
  m_Name: Child_headset
  m_TagString: Untagged
  m_Icon: {fileID: 0}
  m_NavMeshLayer: 0
  m_StaticEditorFlags: 0
  m_IsActive: 1
--- !u!4 &5878863165335147645
Transform:
  m_ObjectHideFlags: 0
  m_CorrespondingSourceObject: {fileID: 0}
  m_PrefabInstance: {fileID: 0}
  m_PrefabAsset: {fileID: 0}
  m_GameObject: {fileID: 6547734998388985543}
  m_LocalRotation: {x: 0, y: 0, z: 0, w: 1}
  m_LocalPosition: {x: 0, y: 0, z: 0}
  m_LocalScale: {x: 1, y: 1, z: 1}
  m_Children:
  - {fileID: 3052233677552916093}
  - {fileID: 2468080995933794845}
  - {fileID: 8925550291006648685}
  - {fileID: 5473520852243499756}
  m_Father: {fileID: 0}
  m_RootOrder: 0
  m_LocalEulerAnglesHint: {x: 0, y: 0, z: 0}
--- !u!114 &6205770739985118100
MonoBehaviour:
  m_ObjectHideFlags: 0
  m_CorrespondingSourceObject: {fileID: 0}
  m_PrefabInstance: {fileID: 0}
  m_PrefabAsset: {fileID: 0}
  m_GameObject: {fileID: 6547734998388985543}
  m_Enabled: 1
  m_EditorHideFlags: 0
  m_Script: {fileID: 11500000, guid: 522f3676200523f46ad23128b28e4c9e, type: 3}
  m_Name: 
  m_EditorClassIdentifier: 
  id: 0
  category: 1
  bodyType: 4
  thumbnail: {fileID: 0}
  skeleton: {fileID: 0}
  bodyMeshes: []
  outfitMeshes: []
--- !u!1 &6594111131910352817
GameObject:
  m_ObjectHideFlags: 0
  m_CorrespondingSourceObject: {fileID: 0}
  m_PrefabInstance: {fileID: 0}
  m_PrefabAsset: {fileID: 0}
  serializedVersion: 6
  m_Component:
  - component: {fileID: 8252799658755059415}
  m_Layer: 0
  m_Name: ring_01_r
  m_TagString: Untagged
  m_Icon: {fileID: 0}
  m_NavMeshLayer: 0
  m_StaticEditorFlags: 0
  m_IsActive: 1
--- !u!4 &8252799658755059415
Transform:
  m_ObjectHideFlags: 0
  m_CorrespondingSourceObject: {fileID: 0}
  m_PrefabInstance: {fileID: 0}
  m_PrefabAsset: {fileID: 0}
  m_GameObject: {fileID: 6594111131910352817}
  m_LocalRotation: {x: 0.03181018, y: 0.3836141, z: -0.22486122, w: 0.8951345}
  m_LocalPosition: {x: 0.010349098, y: 0.06160601, z: -0.016885353}
  m_LocalScale: {x: 1, y: 1, z: 1}
  m_Children:
  - {fileID: 8044208307180709002}
  m_Father: {fileID: 2830019483939873653}
  m_RootOrder: 3
  m_LocalEulerAnglesHint: {x: 0, y: 0, z: 0}
--- !u!1 &6706307167130526050
GameObject:
  m_ObjectHideFlags: 0
  m_CorrespondingSourceObject: {fileID: 0}
  m_PrefabInstance: {fileID: 0}
  m_PrefabAsset: {fileID: 0}
  serializedVersion: 6
  m_Component:
  - component: {fileID: 1009409069479495747}
  m_Layer: 0
  m_Name: neck_01
  m_TagString: Untagged
  m_Icon: {fileID: 0}
  m_NavMeshLayer: 0
  m_StaticEditorFlags: 0
  m_IsActive: 1
--- !u!4 &1009409069479495747
Transform:
  m_ObjectHideFlags: 0
  m_CorrespondingSourceObject: {fileID: 0}
  m_PrefabInstance: {fileID: 0}
  m_PrefabAsset: {fileID: 0}
  m_GameObject: {fileID: 6706307167130526050}
  m_LocalRotation: {x: 0.2538402, y: 0.000000005876436, z: 0.0000000015421885, w: 0.9672462}
  m_LocalPosition: {x: -0, y: 0.1823627, z: 0.03698148}
  m_LocalScale: {x: 1, y: 1, z: 1}
  m_Children:
  - {fileID: 8736138236043707969}
  m_Father: {fileID: 7993385026188089594}
  m_RootOrder: 2
  m_LocalEulerAnglesHint: {x: 0, y: 0, z: 0}
--- !u!1 &6922384325034531360
GameObject:
  m_ObjectHideFlags: 0
  m_CorrespondingSourceObject: {fileID: 0}
  m_PrefabInstance: {fileID: 0}
  m_PrefabAsset: {fileID: 0}
  serializedVersion: 6
  m_Component:
  - component: {fileID: 3650679551746657160}
  m_Layer: 0
  m_Name: ring_01_l
  m_TagString: Untagged
  m_Icon: {fileID: 0}
  m_NavMeshLayer: 0
  m_StaticEditorFlags: 0
  m_IsActive: 1
--- !u!4 &3650679551746657160
Transform:
  m_ObjectHideFlags: 0
  m_CorrespondingSourceObject: {fileID: 0}
  m_PrefabInstance: {fileID: 0}
  m_PrefabAsset: {fileID: 0}
  m_GameObject: {fileID: 6922384325034531360}
  m_LocalRotation: {x: 0.03181018, y: -0.3836141, z: 0.22486122, w: 0.8951345}
  m_LocalPosition: {x: -0.010349098, y: 0.06160601, z: -0.016885353}
  m_LocalScale: {x: 1, y: 1, z: 1}
  m_Children:
  - {fileID: 1413226347377173859}
  m_Father: {fileID: 528553227186589083}
  m_RootOrder: 3
  m_LocalEulerAnglesHint: {x: 0, y: 0, z: 0}
--- !u!1 &7078354735601377536
GameObject:
  m_ObjectHideFlags: 0
  m_CorrespondingSourceObject: {fileID: 0}
  m_PrefabInstance: {fileID: 0}
  m_PrefabAsset: {fileID: 0}
  serializedVersion: 6
  m_Component:
  - component: {fileID: 2406896690072367845}
  m_Layer: 0
  m_Name: pinky_02_l
  m_TagString: Untagged
  m_Icon: {fileID: 0}
  m_NavMeshLayer: 0
  m_StaticEditorFlags: 0
  m_IsActive: 1
--- !u!4 &2406896690072367845
Transform:
  m_ObjectHideFlags: 0
  m_CorrespondingSourceObject: {fileID: 0}
  m_PrefabInstance: {fileID: 0}
  m_PrefabAsset: {fileID: 0}
  m_GameObject: {fileID: 7078354735601377536}
  m_LocalRotation: {x: 0.10009767, y: -0.00076730904, z: -0.022169705, w: 0.9947303}
  m_LocalPosition: {x: 5.7851366e-11, y: 0.01400072, z: 2.1379341e-10}
  m_LocalScale: {x: 1, y: 1, z: 1}
  m_Children:
  - {fileID: 4525821562228477758}
  m_Father: {fileID: 4565864142488427929}
  m_RootOrder: 0
  m_LocalEulerAnglesHint: {x: 0, y: 0, z: 0}
--- !u!1 &7229985157270443137
GameObject:
  m_ObjectHideFlags: 0
  m_CorrespondingSourceObject: {fileID: 0}
  m_PrefabInstance: {fileID: 0}
  m_PrefabAsset: {fileID: 0}
  serializedVersion: 6
  m_Component:
  - component: {fileID: 2276603205605286636}
  m_Layer: 0
  m_Name: ring_03_r
  m_TagString: Untagged
  m_Icon: {fileID: 0}
  m_NavMeshLayer: 0
  m_StaticEditorFlags: 0
  m_IsActive: 1
--- !u!4 &2276603205605286636
Transform:
  m_ObjectHideFlags: 0
  m_CorrespondingSourceObject: {fileID: 0}
  m_PrefabInstance: {fileID: 0}
  m_PrefabAsset: {fileID: 0}
  m_GameObject: {fileID: 7229985157270443137}
  m_LocalRotation: {x: 0.06830923, y: -0.00006531344, z: -0.025620688, w: 0.9973352}
  m_LocalPosition: {x: -0.00000000946253, y: 0.01626109, z: -0.000000009467813}
  m_LocalScale: {x: 1, y: 1, z: 1}
  m_Children: []
  m_Father: {fileID: 8044208307180709002}
  m_RootOrder: 0
  m_LocalEulerAnglesHint: {x: 0, y: 0, z: 0}
--- !u!1 &7359202979868136516
GameObject:
  m_ObjectHideFlags: 0
  m_CorrespondingSourceObject: {fileID: 0}
  m_PrefabInstance: {fileID: 0}
  m_PrefabAsset: {fileID: 0}
  serializedVersion: 6
  m_Component:
  - component: {fileID: 5438551805668653058}
  m_Layer: 0
  m_Name: index_03_r
  m_TagString: Untagged
  m_Icon: {fileID: 0}
  m_NavMeshLayer: 0
  m_StaticEditorFlags: 0
  m_IsActive: 1
--- !u!4 &5438551805668653058
Transform:
  m_ObjectHideFlags: 0
  m_CorrespondingSourceObject: {fileID: 0}
  m_PrefabInstance: {fileID: 0}
  m_PrefabAsset: {fileID: 0}
  m_GameObject: {fileID: 7359202979868136516}
  m_LocalRotation: {x: 0.06260965, y: 0.00008743833, z: 0.017665949, w: 0.99788177}
  m_LocalPosition: {x: 0.000000023746171, y: 0.0150868315, z: 0.000000025483244}
  m_LocalScale: {x: 1, y: 1, z: 1}
  m_Children: []
  m_Father: {fileID: 3675163096025385282}
  m_RootOrder: 0
  m_LocalEulerAnglesHint: {x: 0, y: 0, z: 0}
--- !u!1 &7595857071389834202
GameObject:
  m_ObjectHideFlags: 0
  m_CorrespondingSourceObject: {fileID: 0}
  m_PrefabInstance: {fileID: 0}
  m_PrefabAsset: {fileID: 0}
  serializedVersion: 6
  m_Component:
  - component: {fileID: 3454914633777020231}
  m_Layer: 0
  m_Name: thumb_01_r
  m_TagString: Untagged
  m_Icon: {fileID: 0}
  m_NavMeshLayer: 0
  m_StaticEditorFlags: 0
  m_IsActive: 1
--- !u!4 &3454914633777020231
Transform:
  m_ObjectHideFlags: 0
  m_CorrespondingSourceObject: {fileID: 0}
  m_PrefabInstance: {fileID: 0}
  m_PrefabAsset: {fileID: 0}
  m_GameObject: {fileID: 7595857071389834202}
  m_LocalRotation: {x: 0.25457624, y: 0.7335334, z: 0.43813223, w: 0.45294592}
  m_LocalPosition: {x: -0.009511787, y: 0.026099164, z: 0.009527141}
  m_LocalScale: {x: 1, y: 1, z: 1}
  m_Children:
  - {fileID: 7670034310539927111}
  m_Father: {fileID: 2830019483939873653}
  m_RootOrder: 4
  m_LocalEulerAnglesHint: {x: 0, y: 0, z: 0}
--- !u!1 &7744408255228523009
GameObject:
  m_ObjectHideFlags: 0
  m_CorrespondingSourceObject: {fileID: 0}
  m_PrefabInstance: {fileID: 0}
  m_PrefabAsset: {fileID: 0}
  serializedVersion: 6
  m_Component:
  - component: {fileID: 3052233677552916093}
  - component: {fileID: 7843448289913371983}
  m_Layer: 0
  m_Name: child_headsetMesh
  m_TagString: Untagged
  m_Icon: {fileID: 0}
  m_NavMeshLayer: 0
  m_StaticEditorFlags: 0
  m_IsActive: 1
--- !u!4 &3052233677552916093
Transform:
  m_ObjectHideFlags: 0
  m_CorrespondingSourceObject: {fileID: 0}
  m_PrefabInstance: {fileID: 0}
  m_PrefabAsset: {fileID: 0}
  m_GameObject: {fileID: 7744408255228523009}
  m_LocalRotation: {x: 0, y: -0, z: -0, w: 1}
  m_LocalPosition: {x: -0, y: 0, z: 0}
  m_LocalScale: {x: 1, y: 1, z: 1}
  m_Children: []
  m_Father: {fileID: 5878863165335147645}
  m_RootOrder: 0
  m_LocalEulerAnglesHint: {x: 0, y: 0, z: 0}
--- !u!137 &7843448289913371983
SkinnedMeshRenderer:
  m_ObjectHideFlags: 0
  m_CorrespondingSourceObject: {fileID: 0}
  m_PrefabInstance: {fileID: 0}
  m_PrefabAsset: {fileID: 0}
  m_GameObject: {fileID: 7744408255228523009}
  m_Enabled: 1
  m_CastShadows: 1
  m_ReceiveShadows: 1
  m_DynamicOccludee: 1
  m_MotionVectors: 1
  m_LightProbeUsage: 1
  m_ReflectionProbeUsage: 1
  m_RayTracingMode: 0
  m_RenderingLayerMask: 1
  m_RendererPriority: 0
  m_Materials:
  - {fileID: 1287416013311012048, guid: 7daee86049adbca4894ecffbc5b1d991, type: 3}
  m_StaticBatchInfo:
    firstSubMesh: 0
    subMeshCount: 0
  m_StaticBatchRoot: {fileID: 0}
  m_ProbeAnchor: {fileID: 0}
  m_LightProbeVolumeOverride: {fileID: 0}
  m_ScaleInLightmap: 1
  m_ReceiveGI: 1
  m_PreserveUVs: 0
  m_IgnoreNormalsForChartDetection: 0
  m_ImportantGI: 0
  m_StitchLightmapSeams: 1
  m_SelectedEditorRenderState: 3
  m_MinimumChartSize: 4
  m_AutoUVMaxDistance: 0.5
  m_AutoUVMaxAngle: 89
  m_LightmapParameters: {fileID: 0}
  m_SortingLayerID: 0
  m_SortingLayer: 0
  m_SortingOrder: 0
  serializedVersion: 2
  m_Quality: 0
  m_UpdateWhenOffscreen: 0
  m_SkinnedMotionVectors: 1
  m_Mesh: {fileID: -2841137556300888292, guid: 7daee86049adbca4894ecffbc5b1d991, type: 3}
  m_Bones:
  - {fileID: 5520837972702073427}
  - {fileID: 6672280633021664719}
  - {fileID: 5969150704595019498}
  - {fileID: 7630424053712987638}
  - {fileID: 2344579186378244457}
  - {fileID: 2364567349962567380}
  - {fileID: 8781531034976931863}
  - {fileID: 7993385026188089594}
  - {fileID: 7052037642217768351}
  - {fileID: 6305740879801617409}
  - {fileID: 3321155004605311396}
  - {fileID: 6285079923302550918}
  - {fileID: 1009409069479495747}
  - {fileID: 3414267995058308863}
  - {fileID: 6902697251601508407}
  - {fileID: 2744868528922875710}
  - {fileID: 4938180046566510312}
  - {fileID: 8736138236043707969}
  - {fileID: 1064077857609127424}
  - {fileID: 9024281053954761493}
  - {fileID: 528553227186589083}
  - {fileID: 2830019483939873653}
  - {fileID: 1334444962272634859}
  - {fileID: 3783217569508387315}
  - {fileID: 4565864142488427929}
  - {fileID: 3650679551746657160}
  - {fileID: 8044967659319744492}
  - {fileID: 5304875435120890461}
  - {fileID: 2266611082076292172}
  - {fileID: 510573758879324406}
  - {fileID: 8252799658755059415}
  - {fileID: 3454914633777020231}
  - {fileID: 5376698930762380949}
  - {fileID: 8670136541090903896}
  - {fileID: 2406896690072367845}
  - {fileID: 1413226347377173859}
  - {fileID: 2467834714371118806}
  - {fileID: 3675163096025385282}
  - {fileID: 5484198392484174219}
  - {fileID: 2481110033607749261}
  - {fileID: 8044208307180709002}
  - {fileID: 7670034310539927111}
  - {fileID: 2872146214712420663}
  - {fileID: 2273779222445012270}
  - {fileID: 4525821562228477758}
  - {fileID: 5483025254503429734}
  - {fileID: 3804707915337244292}
  - {fileID: 5438551805668653058}
  - {fileID: 7562201990009369282}
  - {fileID: 203094316589705266}
  - {fileID: 2276603205605286636}
  - {fileID: 1075740722249071377}
  m_BlendShapeWeights: []
  m_RootBone: {fileID: 5520837972702073427}
  m_AABB:
    m_Center: {x: 0, y: -0.03666292, z: -0.007497713}
    m_Extent: {x: 0.31957927, y: 0.4059915, z: 0.43886727}
  m_DirtyAABB: 0
--- !u!1 &7967605117190375487
GameObject:
  m_ObjectHideFlags: 0
  m_CorrespondingSourceObject: {fileID: 0}
  m_PrefabInstance: {fileID: 0}
  m_PrefabAsset: {fileID: 0}
  serializedVersion: 6
  m_Component:
  - component: {fileID: 3414267995058308863}
  m_Layer: 0
  m_Name: ball_l
  m_TagString: Untagged
  m_Icon: {fileID: 0}
  m_NavMeshLayer: 0
  m_StaticEditorFlags: 0
  m_IsActive: 1
--- !u!4 &3414267995058308863
Transform:
  m_ObjectHideFlags: 0
  m_CorrespondingSourceObject: {fileID: 0}
  m_PrefabInstance: {fileID: 0}
  m_PrefabAsset: {fileID: 0}
  m_GameObject: {fileID: 7967605117190375487}
  m_LocalRotation: {x: -0.28988472, y: -0.020397613, z: -0.018043444, w: 0.9566741}
  m_LocalPosition: {x: 1.7996454e-10, y: 0.08007321, z: 0.0000000016098093}
  m_LocalScale: {x: 1, y: 1, z: 1}
  m_Children: []
  m_Father: {fileID: 7052037642217768351}
  m_RootOrder: 0
  m_LocalEulerAnglesHint: {x: 0, y: 0, z: 0}
--- !u!1 &7973083381766257403
GameObject:
  m_ObjectHideFlags: 0
  m_CorrespondingSourceObject: {fileID: 0}
  m_PrefabInstance: {fileID: 0}
  m_PrefabAsset: {fileID: 0}
  serializedVersion: 6
  m_Component:
  - component: {fileID: 5520837972702073427}
  m_Layer: 0
  m_Name: pelvis
  m_TagString: Untagged
  m_Icon: {fileID: 0}
  m_NavMeshLayer: 0
  m_StaticEditorFlags: 0
  m_IsActive: 1
--- !u!4 &5520837972702073427
Transform:
  m_ObjectHideFlags: 0
  m_CorrespondingSourceObject: {fileID: 0}
  m_PrefabInstance: {fileID: 0}
  m_PrefabAsset: {fileID: 0}
  m_GameObject: {fileID: 7973083381766257403}
  m_LocalRotation: {x: 0.6623504, y: -0.24757206, z: -0.6623504, w: -0.24757206}
  m_LocalPosition: {x: -0.52761364, y: 0.038205113, z: 0}
  m_LocalScale: {x: 1, y: 1, z: 1}
  m_Children:
  - {fileID: 6672280633021664719}
  - {fileID: 5969150704595019498}
  - {fileID: 7630424053712987638}
  m_Father: {fileID: 1279598690972837266}
  m_RootOrder: 0
  m_LocalEulerAnglesHint: {x: 0, y: 0, z: 0}
--- !u!1 &8278447219156911508
GameObject:
  m_ObjectHideFlags: 0
  m_CorrespondingSourceObject: {fileID: 0}
  m_PrefabInstance: {fileID: 0}
  m_PrefabAsset: {fileID: 0}
  serializedVersion: 6
  m_Component:
  - component: {fileID: 2830019483939873653}
  m_Layer: 0
  m_Name: hand_r
  m_TagString: Untagged
  m_Icon: {fileID: 0}
  m_NavMeshLayer: 0
  m_StaticEditorFlags: 0
  m_IsActive: 1
--- !u!4 &2830019483939873653
Transform:
  m_ObjectHideFlags: 0
  m_CorrespondingSourceObject: {fileID: 0}
  m_PrefabInstance: {fileID: 0}
  m_PrefabAsset: {fileID: 0}
  m_GameObject: {fileID: 8278447219156911508}
  m_LocalRotation: {x: 0.11098102, y: 0.4450362, z: -0.04208312, w: 0.887612}
  m_LocalPosition: {x: 0.0000000062896843, y: 0.1456707, z: -0.000000009216637}
  m_LocalScale: {x: 1, y: 1, z: 1}
  m_Children:
  - {fileID: 5304875435120890461}
  - {fileID: 2266611082076292172}
  - {fileID: 510573758879324406}
  - {fileID: 8252799658755059415}
  - {fileID: 3454914633777020231}
  m_Father: {fileID: 9024281053954761493}
  m_RootOrder: 0
  m_LocalEulerAnglesHint: {x: 0, y: 0, z: 0}
--- !u!1 &8355833975639929488
GameObject:
  m_ObjectHideFlags: 0
  m_CorrespondingSourceObject: {fileID: 0}
  m_PrefabInstance: {fileID: 0}
  m_PrefabAsset: {fileID: 0}
  serializedVersion: 6
  m_Component:
  - component: {fileID: 7052037642217768351}
  m_Layer: 0
  m_Name: foot_l
  m_TagString: Untagged
  m_Icon: {fileID: 0}
  m_NavMeshLayer: 0
  m_StaticEditorFlags: 0
  m_IsActive: 1
--- !u!4 &7052037642217768351
Transform:
  m_ObjectHideFlags: 0
  m_CorrespondingSourceObject: {fileID: 0}
  m_PrefabInstance: {fileID: 0}
  m_PrefabAsset: {fileID: 0}
  m_GameObject: {fileID: 8355833975639929488}
  m_LocalRotation: {x: -0.55718434, y: 0.000000088296716, z: 0.00000007897704, w: 0.83038884}
  m_LocalPosition: {x: 8.078786e-10, y: 0.21893193, z: -0.000000003617693}
  m_LocalScale: {x: 1, y: 1, z: 1}
  m_Children:
  - {fileID: 3414267995058308863}
  m_Father: {fileID: 2364567349962567380}
  m_RootOrder: 0
  m_LocalEulerAnglesHint: {x: 0, y: 0, z: 0}
--- !u!1 &8480406196124532378
GameObject:
  m_ObjectHideFlags: 0
  m_CorrespondingSourceObject: {fileID: 0}
  m_PrefabInstance: {fileID: 0}
  m_PrefabAsset: {fileID: 0}
  serializedVersion: 6
  m_Component:
  - component: {fileID: 528553227186589083}
  m_Layer: 0
  m_Name: hand_l
  m_TagString: Untagged
  m_Icon: {fileID: 0}
  m_NavMeshLayer: 0
  m_StaticEditorFlags: 0
  m_IsActive: 1
--- !u!4 &528553227186589083
Transform:
  m_ObjectHideFlags: 0
  m_CorrespondingSourceObject: {fileID: 0}
  m_PrefabInstance: {fileID: 0}
  m_PrefabAsset: {fileID: 0}
  m_GameObject: {fileID: 8480406196124532378}
  m_LocalRotation: {x: 0.11098102, y: -0.4450362, z: 0.04208312, w: 0.887612}
  m_LocalPosition: {x: -0.0000000062896843, y: 0.1456707, z: -0.000000009216637}
  m_LocalScale: {x: 1, y: 1, z: 1}
  m_Children:
  - {fileID: 1334444962272634859}
  - {fileID: 3783217569508387315}
  - {fileID: 4565864142488427929}
  - {fileID: 3650679551746657160}
  - {fileID: 8044967659319744492}
  m_Father: {fileID: 1064077857609127424}
  m_RootOrder: 0
  m_LocalEulerAnglesHint: {x: 0, y: 0, z: 0}
--- !u!1 &8770276530133257955
GameObject:
  m_ObjectHideFlags: 0
  m_CorrespondingSourceObject: {fileID: 0}
  m_PrefabInstance: {fileID: 0}
  m_PrefabAsset: {fileID: 0}
  serializedVersion: 6
  m_Component:
  - component: {fileID: 2481110033607749261}
  m_Layer: 0
  m_Name: pinky_02_r
  m_TagString: Untagged
  m_Icon: {fileID: 0}
  m_NavMeshLayer: 0
  m_StaticEditorFlags: 0
  m_IsActive: 1
--- !u!4 &2481110033607749261
Transform:
  m_ObjectHideFlags: 0
  m_CorrespondingSourceObject: {fileID: 0}
  m_PrefabInstance: {fileID: 0}
  m_PrefabAsset: {fileID: 0}
  m_GameObject: {fileID: 8770276530133257955}
  m_LocalRotation: {x: 0.10009767, y: 0.00076730904, z: 0.022169705, w: 0.9947303}
  m_LocalPosition: {x: -5.7851366e-11, y: 0.01400072, z: 2.1379341e-10}
  m_LocalScale: {x: 1, y: 1, z: 1}
  m_Children:
  - {fileID: 203094316589705266}
  m_Father: {fileID: 510573758879324406}
  m_RootOrder: 0
  m_LocalEulerAnglesHint: {x: 0, y: 0, z: 0}
--- !u!1 &8839715848276945728
GameObject:
  m_ObjectHideFlags: 0
  m_CorrespondingSourceObject: {fileID: 0}
  m_PrefabInstance: {fileID: 0}
  m_PrefabAsset: {fileID: 0}
  serializedVersion: 6
  m_Component:
  - component: {fileID: 4525821562228477758}
  m_Layer: 0
  m_Name: pinky_03_l
  m_TagString: Untagged
  m_Icon: {fileID: 0}
  m_NavMeshLayer: 0
  m_StaticEditorFlags: 0
  m_IsActive: 1
--- !u!4 &4525821562228477758
Transform:
  m_ObjectHideFlags: 0
  m_CorrespondingSourceObject: {fileID: 0}
  m_PrefabInstance: {fileID: 0}
  m_PrefabAsset: {fileID: 0}
  m_GameObject: {fileID: 8839715848276945728}
  m_LocalRotation: {x: 0.00017041432, y: 0.00000028370525, z: 0.012994297, w: 0.9999156}
  m_LocalPosition: {x: 0.000000008420135, y: 0.010186481, z: -0.0000000048828404}
  m_LocalScale: {x: 1, y: 1, z: 1}
  m_Children: []
  m_Father: {fileID: 2406896690072367845}
  m_RootOrder: 0
  m_LocalEulerAnglesHint: {x: 0, y: 0, z: 0}
--- !u!1 &8927990150352023457
GameObject:
  m_ObjectHideFlags: 0
  m_CorrespondingSourceObject: {fileID: 0}
  m_PrefabInstance: {fileID: 0}
  m_PrefabAsset: {fileID: 0}
  serializedVersion: 6
  m_Component:
  - component: {fileID: 2273779222445012270}
  m_Layer: 0
  m_Name: middle_03_l
  m_TagString: Untagged
  m_Icon: {fileID: 0}
  m_NavMeshLayer: 0
  m_StaticEditorFlags: 0
  m_IsActive: 1
--- !u!4 &2273779222445012270
Transform:
  m_ObjectHideFlags: 0
  m_CorrespondingSourceObject: {fileID: 0}
  m_PrefabInstance: {fileID: 0}
  m_PrefabAsset: {fileID: 0}
  m_GameObject: {fileID: 8927990150352023457}
  m_LocalRotation: {x: 0.07756105, y: -0.0000062146214, z: 0.0053894618, w: 0.99697304}
  m_LocalPosition: {x: 1.7070188e-10, y: 0.018218324, z: -1.4982939e-10}
  m_LocalScale: {x: 1, y: 1, z: 1}
  m_Children: []
  m_Father: {fileID: 8670136541090903896}
  m_RootOrder: 0
  m_LocalEulerAnglesHint: {x: 0, y: 0, z: 0}
--- !u!1 &9177290774430550986
GameObject:
  m_ObjectHideFlags: 0
  m_CorrespondingSourceObject: {fileID: 0}
  m_PrefabInstance: {fileID: 0}
  m_PrefabAsset: {fileID: 0}
  serializedVersion: 6
  m_Component:
  - component: {fileID: 5304875435120890461}
  m_Layer: 0
  m_Name: index_01_r
  m_TagString: Untagged
  m_Icon: {fileID: 0}
  m_NavMeshLayer: 0
  m_StaticEditorFlags: 0
  m_IsActive: 1
--- !u!4 &5304875435120890461
Transform:
  m_ObjectHideFlags: 0
  m_CorrespondingSourceObject: {fileID: 0}
  m_PrefabInstance: {fileID: 0}
  m_PrefabAsset: {fileID: 0}
  m_GameObject: {fileID: 9177290774430550986}
  m_LocalRotation: {x: 0.10016136, y: 0.47447753, z: 0.00030212794, w: 0.8745506}
  m_LocalPosition: {x: -0.009487303, y: 0.06918869, z: 0.004617849}
  m_LocalScale: {x: 1, y: 1, z: 1}
  m_Children:
  - {fileID: 3675163096025385282}
  m_Father: {fileID: 2830019483939873653}
  m_RootOrder: 0
  m_LocalEulerAnglesHint: {x: 0, y: 0, z: 0}
