%YAML 1.1
%TAG !u! tag:unity3d.com,2011:
--- !u!1 &146204629041167090
GameObject:
  m_ObjectHideFlags: 0
  m_CorrespondingSourceObject: {fileID: 0}
  m_PrefabInstance: {fileID: 0}
  m_PrefabAsset: {fileID: 0}
  serializedVersion: 6
  m_Component:
  - component: {fileID: 3802605000986764133}
  m_Layer: 0
  m_Name: index_01_r
  m_TagString: Untagged
  m_Icon: {fileID: 0}
  m_NavMeshLayer: 0
  m_StaticEditorFlags: 0
  m_IsActive: 1
--- !u!4 &3802605000986764133
Transform:
  m_ObjectHideFlags: 0
  m_CorrespondingSourceObject: {fileID: 0}
  m_PrefabInstance: {fileID: 0}
  m_PrefabAsset: {fileID: 0}
  m_GameObject: {fileID: 146204629041167090}
  m_LocalRotation: {x: 0.11407732, y: 0.47055483, z: -0.002858917, w: 0.8749608}
  m_LocalPosition: {x: -0.011567738, y: 0.094682075, z: 0.00866391}
  m_LocalScale: {x: 1, y: 1, z: 1}
  m_Children:
  - {fileID: 5646362051733682298}
  m_Father: {fileID: 6493375624429212237}
  m_RootOrder: 0
  m_LocalEulerAnglesHint: {x: 0, y: 0, z: 0}
--- !u!1 &355059837101080539
GameObject:
  m_ObjectHideFlags: 0
  m_CorrespondingSourceObject: {fileID: 0}
  m_PrefabInstance: {fileID: 0}
  m_PrefabAsset: {fileID: 0}
  serializedVersion: 6
  m_Component:
  - component: {fileID: 6860540712794709941}
  m_Layer: 0
  m_Name: pinky_02_r
  m_TagString: Untagged
  m_Icon: {fileID: 0}
  m_NavMeshLayer: 0
  m_StaticEditorFlags: 0
  m_IsActive: 1
--- !u!4 &6860540712794709941
Transform:
  m_ObjectHideFlags: 0
  m_CorrespondingSourceObject: {fileID: 0}
  m_PrefabInstance: {fileID: 0}
  m_PrefabAsset: {fileID: 0}
  m_GameObject: {fileID: 355059837101080539}
  m_LocalRotation: {x: 0.0787621, y: 0.0010971841, z: 0.028862378, w: 0.996475}
  m_LocalPosition: {x: -2.6225794e-10, y: 0.019214978, z: 1.5083294e-10}
  m_LocalScale: {x: 1, y: 1, z: 1}
  m_Children:
  - {fileID: 9190347344323401994}
  m_Father: {fileID: 8813202673126894030}
  m_RootOrder: 0
  m_LocalEulerAnglesHint: {x: 0, y: 0, z: 0}
--- !u!1 &485740867647708825
GameObject:
  m_ObjectHideFlags: 0
  m_CorrespondingSourceObject: {fileID: 0}
  m_PrefabInstance: {fileID: 0}
  m_PrefabAsset: {fileID: 0}
  serializedVersion: 6
  m_Component:
  - component: {fileID: 7121654615528735766}
  m_Layer: 0
  m_Name: middle_03_l
  m_TagString: Untagged
  m_Icon: {fileID: 0}
  m_NavMeshLayer: 0
  m_StaticEditorFlags: 0
  m_IsActive: 1
--- !u!4 &7121654615528735766
Transform:
  m_ObjectHideFlags: 0
  m_CorrespondingSourceObject: {fileID: 0}
  m_PrefabInstance: {fileID: 0}
  m_PrefabAsset: {fileID: 0}
  m_GameObject: {fileID: 485740867647708825}
  m_LocalRotation: {x: 0.067779504, y: -0.000005572528, z: 0.0063862097, w: 0.9976799}
  m_LocalPosition: {x: 3.9390488e-10, y: 0.025099577, z: -2.1485248e-10}
  m_LocalScale: {x: 1, y: 1, z: 1}
  m_Children: []
  m_Father: {fileID: 363004023977559648}
  m_RootOrder: 0
  m_LocalEulerAnglesHint: {x: 0, y: 0, z: 0}
--- !u!1 &574173464434514552
GameObject:
  m_ObjectHideFlags: 0
  m_CorrespondingSourceObject: {fileID: 0}
  m_PrefabInstance: {fileID: 0}
  m_PrefabAsset: {fileID: 0}
  serializedVersion: 6
  m_Component:
  - component: {fileID: 4870035759585672710}
  m_Layer: 0
  m_Name: pinky_03_l
  m_TagString: Untagged
  m_Icon: {fileID: 0}
  m_NavMeshLayer: 0
  m_StaticEditorFlags: 0
  m_IsActive: 1
--- !u!4 &4870035759585672710
Transform:
  m_ObjectHideFlags: 0
  m_CorrespondingSourceObject: {fileID: 0}
  m_PrefabInstance: {fileID: 0}
  m_PrefabAsset: {fileID: 0}
  m_GameObject: {fileID: 574173464434514552}
  m_LocalRotation: {x: -0.011824836, y: -0.000019098256, z: 0.013408235, w: 0.9998402}
  m_LocalPosition: {x: 0.000000015256656, y: 0.014100757, z: -0.000000010209325}
  m_LocalScale: {x: 1, y: 1, z: 1}
  m_Children: []
  m_Father: {fileID: 6646229800965931997}
  m_RootOrder: 0
  m_LocalEulerAnglesHint: {x: 0, y: 0, z: 0}
--- !u!1 &642696994777010082
GameObject:
  m_ObjectHideFlags: 0
  m_CorrespondingSourceObject: {fileID: 0}
  m_PrefabInstance: {fileID: 0}
  m_PrefabAsset: {fileID: 0}
  serializedVersion: 6
  m_Component:
  - component: {fileID: 8795223720688155811}
  m_Layer: 0
  m_Name: hand_l
  m_TagString: Untagged
  m_Icon: {fileID: 0}
  m_NavMeshLayer: 0
  m_StaticEditorFlags: 0
  m_IsActive: 1
--- !u!4 &8795223720688155811
Transform:
  m_ObjectHideFlags: 0
  m_CorrespondingSourceObject: {fileID: 0}
  m_PrefabInstance: {fileID: 0}
  m_PrefabAsset: {fileID: 0}
  m_GameObject: {fileID: 642696994777010082}
  m_LocalRotation: {x: 0.119123966, y: -0.409953, z: 0.0025757083, w: 0.90429056}
  m_LocalPosition: {x: -0.000000008216051, y: 0.20862052, z: -0.0000000031925693}
  m_LocalScale: {x: 1, y: 1, z: 1}
  m_Children:
  - {fileID: 8061376935423563475}
  - {fileID: 5322011581980301515}
  - {fileID: 4757507909491125409}
  - {fileID: 5760935936657947312}
  - {fileID: 1368622002111342292}
  m_Father: {fileID: 8331509981547702072}
  m_RootOrder: 0
  m_LocalEulerAnglesHint: {x: 0, y: 0, z: 0}
--- !u!1 &992992511829414232
GameObject:
  m_ObjectHideFlags: 0
  m_CorrespondingSourceObject: {fileID: 0}
  m_PrefabInstance: {fileID: 0}
  m_PrefabAsset: {fileID: 0}
  serializedVersion: 6
  m_Component:
  - component: {fileID: 2683314928135286320}
  - component: {fileID: 1744665155763180998}
  m_Layer: 0
  m_Name: '!F_t_shirtMesh'
  m_TagString: Untagged
  m_Icon: {fileID: 0}
  m_NavMeshLayer: 0
  m_StaticEditorFlags: 0
  m_IsActive: 1
--- !u!4 &2683314928135286320
Transform:
  m_ObjectHideFlags: 0
  m_CorrespondingSourceObject: {fileID: 0}
  m_PrefabInstance: {fileID: 0}
  m_PrefabAsset: {fileID: 0}
  m_GameObject: {fileID: 992992511829414232}
  m_LocalRotation: {x: 0, y: -0, z: -0, w: 1}
  m_LocalPosition: {x: -0, y: 0, z: 0}
  m_LocalScale: {x: 1, y: 1, z: 1}
  m_Children: []
  m_Father: {fileID: 3228746566870050117}
  m_RootOrder: 0
  m_LocalEulerAnglesHint: {x: 0, y: 0, z: 0}
--- !u!137 &1744665155763180998
SkinnedMeshRenderer:
  m_ObjectHideFlags: 0
  m_CorrespondingSourceObject: {fileID: 0}
  m_PrefabInstance: {fileID: 0}
  m_PrefabAsset: {fileID: 0}
  m_GameObject: {fileID: 992992511829414232}
  m_Enabled: 1
  m_CastShadows: 1
  m_ReceiveShadows: 1
  m_DynamicOccludee: 1
  m_MotionVectors: 1
  m_LightProbeUsage: 1
  m_ReflectionProbeUsage: 1
  m_RayTracingMode: 0
  m_RenderingLayerMask: 1
  m_RendererPriority: 0
  m_Materials:
  - {fileID: -4039150822740078747, guid: 9f26a6abc3b987e4fb544c17a94a8a8e, type: 3}
  m_StaticBatchInfo:
    firstSubMesh: 0
    subMeshCount: 0
  m_StaticBatchRoot: {fileID: 0}
  m_ProbeAnchor: {fileID: 0}
  m_LightProbeVolumeOverride: {fileID: 0}
  m_ScaleInLightmap: 1
  m_ReceiveGI: 1
  m_PreserveUVs: 0
  m_IgnoreNormalsForChartDetection: 0
  m_ImportantGI: 0
  m_StitchLightmapSeams: 1
  m_SelectedEditorRenderState: 3
  m_MinimumChartSize: 4
  m_AutoUVMaxDistance: 0.5
  m_AutoUVMaxAngle: 89
  m_LightmapParameters: {fileID: 0}
  m_SortingLayerID: 0
  m_SortingLayer: 0
  m_SortingOrder: 0
  serializedVersion: 2
  m_Quality: 0
  m_UpdateWhenOffscreen: 0
  m_SkinnedMotionVectors: 1
  m_Mesh: {fileID: -4933617000019708631, guid: 9f26a6abc3b987e4fb544c17a94a8a8e, type: 3}
  m_Bones:
  - {fileID: 3586784918912770923}
  - {fileID: 2432954119172570359}
  - {fileID: 3426548769419401170}
  - {fileID: 1495075487885268174}
  - {fileID: 6760671989871587409}
  - {fileID: 1420059225471396290}
  - {fileID: 6002236048441186460}
  - {fileID: 3054060534837050558}
  - {fileID: 8311675896104827259}
  - {fileID: 6578807298175264262}
  - {fileID: 4169442192448290768}
  - {fileID: 317462488036996985}
  - {fileID: 8331509981547702072}
  - {fileID: 29144538603967021}
  m_BlendShapeWeights: []
  m_RootBone: {fileID: 3586784918912770923}
  m_AABB:
    m_Center: {x: 0.0017246902, y: 0.22171758, z: 0.13952774}
    m_Extent: {x: 0.28551674, y: 0.31212652, z: 0.27119136}
  m_DirtyAABB: 0
--- !u!1 &1058002560680149928
GameObject:
  m_ObjectHideFlags: 0
  m_CorrespondingSourceObject: {fileID: 0}
  m_PrefabInstance: {fileID: 0}
  m_PrefabAsset: {fileID: 0}
  serializedVersion: 6
  m_Component:
  - component: {fileID: 2055607205204456615}
  m_Layer: 0
  m_Name: foot_l
  m_TagString: Untagged
  m_Icon: {fileID: 0}
  m_NavMeshLayer: 0
  m_StaticEditorFlags: 0
  m_IsActive: 1
--- !u!4 &2055607205204456615
Transform:
  m_ObjectHideFlags: 0
  m_CorrespondingSourceObject: {fileID: 0}
  m_PrefabInstance: {fileID: 0}
  m_PrefabAsset: {fileID: 0}
  m_GameObject: {fileID: 1058002560680149928}
  m_LocalRotation: {x: -0.5349148, y: -0.00000000984173, z: 0.00000013541515, w: 0.84490603}
  m_LocalPosition: {x: 0.000000001932733, y: 0.37758797, z: -3.9850182e-11}
  m_LocalScale: {x: 1, y: 1, z: 1}
  m_Children:
  - {fileID: 5925276567428970439}
  m_Father: {fileID: 6740626926523801580}
  m_RootOrder: 0
  m_LocalEulerAnglesHint: {x: 0, y: 0, z: 0}
--- !u!1 &1133173045755131052
GameObject:
  m_ObjectHideFlags: 0
  m_CorrespondingSourceObject: {fileID: 0}
  m_PrefabInstance: {fileID: 0}
  m_PrefabAsset: {fileID: 0}
  serializedVersion: 6
  m_Component:
  - component: {fileID: 6493375624429212237}
  m_Layer: 0
  m_Name: hand_r
  m_TagString: Untagged
  m_Icon: {fileID: 0}
  m_NavMeshLayer: 0
  m_StaticEditorFlags: 0
  m_IsActive: 1
--- !u!4 &6493375624429212237
Transform:
  m_ObjectHideFlags: 0
  m_CorrespondingSourceObject: {fileID: 0}
  m_PrefabInstance: {fileID: 0}
  m_PrefabAsset: {fileID: 0}
  m_GameObject: {fileID: 1133173045755131052}
  m_LocalRotation: {x: 0.119123966, y: 0.409953, z: -0.0025757083, w: 0.90429056}
  m_LocalPosition: {x: 0.000000008216051, y: 0.20862052, z: -0.0000000031925693}
  m_LocalScale: {x: 1, y: 1, z: 1}
  m_Children:
  - {fileID: 3802605000986764133}
  - {fileID: 7075080002055452020}
  - {fileID: 8813202673126894030}
  - {fileID: 1143052922254024687}
  - {fileID: 5956423434269412479}
  m_Father: {fileID: 29144538603967021}
  m_RootOrder: 0
  m_LocalEulerAnglesHint: {x: 0, y: 0, z: 0}
--- !u!1 &1425877053719492871
GameObject:
  m_ObjectHideFlags: 0
  m_CorrespondingSourceObject: {fileID: 0}
  m_PrefabInstance: {fileID: 0}
  m_PrefabAsset: {fileID: 0}
  serializedVersion: 6
  m_Component:
  - component: {fileID: 5925276567428970439}
  m_Layer: 0
  m_Name: ball_l
  m_TagString: Untagged
  m_Icon: {fileID: 0}
  m_NavMeshLayer: 0
  m_StaticEditorFlags: 0
  m_IsActive: 1
--- !u!4 &5925276567428970439
Transform:
  m_ObjectHideFlags: 0
  m_CorrespondingSourceObject: {fileID: 0}
  m_PrefabInstance: {fileID: 0}
  m_PrefabAsset: {fileID: 0}
  m_GameObject: {fileID: 1425877053719492871}
  m_LocalRotation: {x: -0.24998781, y: -0.017883645, z: -0.04360834, w: 0.9671011}
  m_LocalPosition: {x: 1.310677e-10, y: 0.12195596, z: 0.0000000041612567}
  m_LocalScale: {x: 1, y: 1, z: 1}
  m_Children: []
  m_Father: {fileID: 2055607205204456615}
  m_RootOrder: 0
  m_LocalEulerAnglesHint: {x: 0, y: 0, z: 0}
--- !u!1 &1440360319600577475
GameObject:
  m_ObjectHideFlags: 0
  m_CorrespondingSourceObject: {fileID: 0}
  m_PrefabInstance: {fileID: 0}
  m_PrefabAsset: {fileID: 0}
  serializedVersion: 6
  m_Component:
  - component: {fileID: 3586784918912770923}
  m_Layer: 0
  m_Name: pelvis
  m_TagString: Untagged
  m_Icon: {fileID: 0}
  m_NavMeshLayer: 0
  m_StaticEditorFlags: 0
  m_IsActive: 1
--- !u!4 &3586784918912770923
Transform:
  m_ObjectHideFlags: 0
  m_CorrespondingSourceObject: {fileID: 0}
  m_PrefabInstance: {fileID: 0}
  m_PrefabAsset: {fileID: 0}
  m_GameObject: {fileID: 1440360319600577475}
  m_LocalRotation: {x: 0.61930585, y: -0.3412628, z: -0.61930585, w: -0.3412628}
  m_LocalPosition: {x: -0.8173121, y: 0.050178863, z: 0}
  m_LocalScale: {x: 1, y: 1, z: 1}
  m_Children:
  - {fileID: 2432954119172570359}
  - {fileID: 3426548769419401170}
  - {fileID: 1495075487885268174}
  m_Father: {fileID: 7825331153239184554}
  m_RootOrder: 0
  m_LocalEulerAnglesHint: {x: 0, y: 0, z: 0}
--- !u!1 &1455439763379538658
GameObject:
  m_ObjectHideFlags: 0
  m_CorrespondingSourceObject: {fileID: 0}
  m_PrefabInstance: {fileID: 0}
  m_PrefabAsset: {fileID: 0}
  serializedVersion: 6
  m_Component:
  - component: {fileID: 5956423434269412479}
  m_Layer: 0
  m_Name: thumb_01_r
  m_TagString: Untagged
  m_Icon: {fileID: 0}
  m_NavMeshLayer: 0
  m_StaticEditorFlags: 0
  m_IsActive: 1
--- !u!4 &5956423434269412479
Transform:
  m_ObjectHideFlags: 0
  m_CorrespondingSourceObject: {fileID: 0}
  m_PrefabInstance: {fileID: 0}
  m_PrefabAsset: {fileID: 0}
  m_GameObject: {fileID: 1455439763379538658}
  m_LocalRotation: {x: 0.27413023, y: 0.7297701, z: 0.4440831, w: 0.44167683}
  m_LocalPosition: {x: -0.012982524, y: 0.035155986, z: 0.013297817}
  m_LocalScale: {x: 1, y: 1, z: 1}
  m_Children:
  - {fileID: 1669228606010257279}
  m_Father: {fileID: 6493375624429212237}
  m_RootOrder: 4
  m_LocalEulerAnglesHint: {x: 0, y: 0, z: 0}
--- !u!1 &1805156415645459897
GameObject:
  m_ObjectHideFlags: 0
  m_CorrespondingSourceObject: {fileID: 0}
  m_PrefabInstance: {fileID: 0}
  m_PrefabAsset: {fileID: 0}
  serializedVersion: 6
  m_Component:
  - component: {fileID: 7116597318664410068}
  m_Layer: 0
  m_Name: ring_03_r
  m_TagString: Untagged
  m_Icon: {fileID: 0}
  m_NavMeshLayer: 0
  m_StaticEditorFlags: 0
  m_IsActive: 1
--- !u!4 &7116597318664410068
Transform:
  m_ObjectHideFlags: 0
  m_CorrespondingSourceObject: {fileID: 0}
  m_PrefabInstance: {fileID: 0}
  m_PrefabAsset: {fileID: 0}
  m_GameObject: {fileID: 1805156415645459897}
  m_LocalRotation: {x: 0.05182127, y: -0.00004351543, z: -0.020952994, w: 0.99843657}
  m_LocalPosition: {x: 0.00000000895714, y: 0.022356253, z: 0.000000009770759}
  m_LocalScale: {x: 1, y: 1, z: 1}
  m_Children: []
  m_Father: {fileID: 1367372272064763314}
  m_RootOrder: 0
  m_LocalEulerAnglesHint: {x: 0, y: 0, z: 0}
--- !u!1 &1979896212226729340
GameObject:
  m_ObjectHideFlags: 0
  m_CorrespondingSourceObject: {fileID: 0}
  m_PrefabInstance: {fileID: 0}
  m_PrefabAsset: {fileID: 0}
  serializedVersion: 6
  m_Component:
  - component: {fileID: 3900885898569664826}
  m_Layer: 0
  m_Name: index_03_r
  m_TagString: Untagged
  m_Icon: {fileID: 0}
  m_NavMeshLayer: 0
  m_StaticEditorFlags: 0
  m_IsActive: 1
--- !u!4 &3900885898569664826
Transform:
  m_ObjectHideFlags: 0
  m_CorrespondingSourceObject: {fileID: 0}
  m_PrefabInstance: {fileID: 0}
  m_PrefabAsset: {fileID: 0}
  m_GameObject: {fileID: 1979896212226729340}
  m_LocalRotation: {x: 0.064799495, y: 0.00011874221, z: 0.020737743, w: 0.9976828}
  m_LocalPosition: {x: -0.000000005619697, y: 0.020700056, z: -0.0000000058496092}
  m_LocalScale: {x: 1, y: 1, z: 1}
  m_Children: []
  m_Father: {fileID: 5646362051733682298}
  m_RootOrder: 0
  m_LocalEulerAnglesHint: {x: 0, y: 0, z: 0}
--- !u!1 &2110528915700804376
GameObject:
  m_ObjectHideFlags: 0
  m_CorrespondingSourceObject: {fileID: 0}
  m_PrefabInstance: {fileID: 0}
  m_PrefabAsset: {fileID: 0}
  serializedVersion: 6
  m_Component:
  - component: {fileID: 5760935936657947312}
  m_Layer: 0
  m_Name: ring_01_l
  m_TagString: Untagged
  m_Icon: {fileID: 0}
  m_NavMeshLayer: 0
  m_StaticEditorFlags: 0
  m_IsActive: 1
--- !u!4 &5760935936657947312
Transform:
  m_ObjectHideFlags: 0
  m_CorrespondingSourceObject: {fileID: 0}
  m_PrefabInstance: {fileID: 0}
  m_PrefabAsset: {fileID: 0}
  m_GameObject: {fileID: 2110528915700804376}
  m_LocalRotation: {x: 0.058963, y: -0.38470906, z: 0.22926295, w: 0.8921664}
  m_LocalPosition: {x: -0.015465097, y: 0.08450649, z: -0.021212837}
  m_LocalScale: {x: 1, y: 1, z: 1}
  m_Children:
  - {fileID: 7982609328370652251}
  m_Father: {fileID: 8795223720688155811}
  m_RootOrder: 3
  m_LocalEulerAnglesHint: {x: 0, y: 0, z: 0}
--- !u!1 &2260942403082539064
GameObject:
  m_ObjectHideFlags: 0
  m_CorrespondingSourceObject: {fileID: 0}
  m_PrefabInstance: {fileID: 0}
  m_PrefabAsset: {fileID: 0}
  serializedVersion: 6
  m_Component:
  - component: {fileID: 6646229800965931997}
  m_Layer: 0
  m_Name: pinky_02_l
  m_TagString: Untagged
  m_Icon: {fileID: 0}
  m_NavMeshLayer: 0
  m_StaticEditorFlags: 0
  m_IsActive: 1
--- !u!4 &6646229800965931997
Transform:
  m_ObjectHideFlags: 0
  m_CorrespondingSourceObject: {fileID: 0}
  m_PrefabInstance: {fileID: 0}
  m_PrefabAsset: {fileID: 0}
  m_GameObject: {fileID: 2260942403082539064}
  m_LocalRotation: {x: 0.0787621, y: -0.0010971841, z: -0.028862378, w: 0.996475}
  m_LocalPosition: {x: 2.6225794e-10, y: 0.019214978, z: 1.5083294e-10}
  m_LocalScale: {x: 1, y: 1, z: 1}
  m_Children:
  - {fileID: 4870035759585672710}
  m_Father: {fileID: 4757507909491125409}
  m_RootOrder: 0
  m_LocalEulerAnglesHint: {x: 0, y: 0, z: 0}
--- !u!1 &2326869887644569690
GameObject:
  m_ObjectHideFlags: 0
  m_CorrespondingSourceObject: {fileID: 0}
  m_PrefabInstance: {fileID: 0}
  m_PrefabAsset: {fileID: 0}
  serializedVersion: 6
  m_Component:
  - component: {fileID: 8311675896104827259}
  m_Layer: 0
  m_Name: neck_01
  m_TagString: Untagged
  m_Icon: {fileID: 0}
  m_NavMeshLayer: 0
  m_StaticEditorFlags: 0
  m_IsActive: 1
--- !u!4 &8311675896104827259
Transform:
  m_ObjectHideFlags: 0
  m_CorrespondingSourceObject: {fileID: 0}
  m_PrefabInstance: {fileID: 0}
  m_PrefabAsset: {fileID: 0}
  m_GameObject: {fileID: 2326869887644569690}
  m_LocalRotation: {x: 0.18769582, y: 0.0000000063808505, z: 0.0000000010124512, w: 0.9822272}
  m_LocalPosition: {x: -4.6313783e-11, y: 0.29259935, z: -0.01485739}
  m_LocalScale: {x: 1, y: 1, z: 1}
  m_Children:
  - {fileID: 317462488036996985}
  m_Father: {fileID: 1420059225471396290}
  m_RootOrder: 2
  m_LocalEulerAnglesHint: {x: 0, y: 0, z: 0}
--- !u!1 &2799506278728343177
GameObject:
  m_ObjectHideFlags: 0
  m_CorrespondingSourceObject: {fileID: 0}
  m_PrefabInstance: {fileID: 0}
  m_PrefabAsset: {fileID: 0}
  serializedVersion: 6
  m_Component:
  - component: {fileID: 1143052922254024687}
  m_Layer: 0
  m_Name: ring_01_r
  m_TagString: Untagged
  m_Icon: {fileID: 0}
  m_NavMeshLayer: 0
  m_StaticEditorFlags: 0
  m_IsActive: 1
--- !u!4 &1143052922254024687
Transform:
  m_ObjectHideFlags: 0
  m_CorrespondingSourceObject: {fileID: 0}
  m_PrefabInstance: {fileID: 0}
  m_PrefabAsset: {fileID: 0}
  m_GameObject: {fileID: 2799506278728343177}
  m_LocalRotation: {x: 0.058963, y: 0.38470906, z: -0.22926295, w: 0.8921664}
  m_LocalPosition: {x: 0.015465097, y: 0.08450649, z: -0.021212837}
  m_LocalScale: {x: 1, y: 1, z: 1}
  m_Children:
  - {fileID: 1367372272064763314}
  m_Father: {fileID: 6493375624429212237}
  m_RootOrder: 3
  m_LocalEulerAnglesHint: {x: 0, y: 0, z: 0}
--- !u!1 &2847716741109088255
GameObject:
  m_ObjectHideFlags: 0
  m_CorrespondingSourceObject: {fileID: 0}
  m_PrefabInstance: {fileID: 0}
  m_PrefabAsset: {fileID: 0}
  serializedVersion: 6
  m_Component:
  - component: {fileID: 3228746566870050117}
  - component: {fileID: 2087217692500115529}
  m_Layer: 0
  m_Name: Female_M_t_shirt
  m_TagString: Untagged
  m_Icon: {fileID: 0}
  m_NavMeshLayer: 0
  m_StaticEditorFlags: 0
  m_IsActive: 1
--- !u!4 &3228746566870050117
Transform:
  m_ObjectHideFlags: 0
  m_CorrespondingSourceObject: {fileID: 0}
  m_PrefabInstance: {fileID: 0}
  m_PrefabAsset: {fileID: 0}
  m_GameObject: {fileID: 2847716741109088255}
  m_LocalRotation: {x: 0, y: 0, z: 0, w: 1}
  m_LocalPosition: {x: 0, y: 0, z: 0}
  m_LocalScale: {x: 1, y: 1, z: 1}
  m_Children:
  - {fileID: 2683314928135286320}
  - {fileID: 3124821943176902665}
  - {fileID: 6853149964313658149}
  - {fileID: 3940367326897634260}
  m_Father: {fileID: 0}
  m_RootOrder: 0
  m_LocalEulerAnglesHint: {x: 0, y: 0, z: 0}
--- !u!114 &2087217692500115529
MonoBehaviour:
  m_ObjectHideFlags: 0
  m_CorrespondingSourceObject: {fileID: 0}
  m_PrefabInstance: {fileID: 0}
  m_PrefabAsset: {fileID: 0}
  m_GameObject: {fileID: 2847716741109088255}
  m_Enabled: 1
  m_EditorHideFlags: 0
  m_Script: {fileID: 11500000, guid: 522f3676200523f46ad23128b28e4c9e, type: 3}
  m_Name: 
  m_EditorClassIdentifier: 
  id: 0
  category: 16
  bodyType: 3
  thumbnail: {fileID: 0}
  skeleton: {fileID: 0}
  bodyMeshes: []
  outfitMeshes: []
--- !u!1 &3035526868718723884
GameObject:
  m_ObjectHideFlags: 0
  m_CorrespondingSourceObject: {fileID: 0}
  m_PrefabInstance: {fileID: 0}
  m_PrefabAsset: {fileID: 0}
  serializedVersion: 6
  m_Component:
  - component: {fileID: 2490608894131755279}
  m_Layer: 0
  m_Name: ball_r
  m_TagString: Untagged
  m_Icon: {fileID: 0}
  m_NavMeshLayer: 0
  m_StaticEditorFlags: 0
  m_IsActive: 1
--- !u!4 &2490608894131755279
Transform:
  m_ObjectHideFlags: 0
  m_CorrespondingSourceObject: {fileID: 0}
  m_PrefabInstance: {fileID: 0}
  m_PrefabAsset: {fileID: 0}
  m_GameObject: {fileID: 3035526868718723884}
  m_LocalRotation: {x: -0.24998781, y: 0.017883645, z: 0.04360834, w: 0.9671011}
  m_LocalPosition: {x: -1.310677e-10, y: 0.12195596, z: 0.0000000041612567}
  m_LocalScale: {x: 1, y: 1, z: 1}
  m_Children: []
  m_Father: {fileID: 3087596773579898169}
  m_RootOrder: 0
  m_LocalEulerAnglesHint: {x: 0, y: 0, z: 0}
--- !u!1 &3483951994718262274
GameObject:
  m_ObjectHideFlags: 0
  m_CorrespondingSourceObject: {fileID: 0}
  m_PrefabInstance: {fileID: 0}
  m_PrefabAsset: {fileID: 0}
  serializedVersion: 6
  m_Component:
  - component: {fileID: 317462488036996985}
  m_Layer: 0
  m_Name: head
  m_TagString: Untagged
  m_Icon: {fileID: 0}
  m_NavMeshLayer: 0
  m_StaticEditorFlags: 0
  m_IsActive: 1
--- !u!4 &317462488036996985
Transform:
  m_ObjectHideFlags: 0
  m_CorrespondingSourceObject: {fileID: 0}
  m_PrefabInstance: {fileID: 0}
  m_PrefabAsset: {fileID: 0}
  m_GameObject: {fileID: 3483951994718262274}
  m_LocalRotation: {x: -0.21614864, y: -0.000000006357132, z: -0.000000001196026,
    w: 0.97636044}
  m_LocalPosition: {x: 3.1671757e-18, y: 0.11284218, z: -2.1363106e-10}
  m_LocalScale: {x: 1, y: 1, z: 1}
  m_Children: []
  m_Father: {fileID: 8311675896104827259}
  m_RootOrder: 0
  m_LocalEulerAnglesHint: {x: 0, y: 0, z: 0}
--- !u!1 &3584098656356998572
GameObject:
  m_ObjectHideFlags: 0
  m_CorrespondingSourceObject: {fileID: 0}
  m_PrefabInstance: {fileID: 0}
  m_PrefabAsset: {fileID: 0}
  serializedVersion: 6
  m_Component:
  - component: {fileID: 7825331153239184554}
  m_Layer: 0
  m_Name: Root
  m_TagString: Untagged
  m_Icon: {fileID: 0}
  m_NavMeshLayer: 0
  m_StaticEditorFlags: 0
  m_IsActive: 1
--- !u!4 &7825331153239184554
Transform:
  m_ObjectHideFlags: 0
  m_CorrespondingSourceObject: {fileID: 0}
  m_PrefabInstance: {fileID: 0}
  m_PrefabAsset: {fileID: 0}
  m_GameObject: {fileID: 3584098656356998572}
  m_LocalRotation: {x: 0.5, y: -0.5, z: -0.5, w: 0.5}
  m_LocalPosition: {x: -0, y: 0, z: -0.026913332}
  m_LocalScale: {x: 1, y: 1, z: 1}
  m_Children:
  - {fileID: 3586784918912770923}
  m_Father: {fileID: 6853149964313658149}
  m_RootOrder: 0
  m_LocalEulerAnglesHint: {x: 0, y: 0, z: 0}
--- !u!1 &3733644074795304862
GameObject:
  m_ObjectHideFlags: 0
  m_CorrespondingSourceObject: {fileID: 0}
  m_PrefabInstance: {fileID: 0}
  m_PrefabAsset: {fileID: 0}
  serializedVersion: 6
  m_Component:
  - component: {fileID: 1495075487885268174}
  m_Layer: 0
  m_Name: thigh_r
  m_TagString: Untagged
  m_Icon: {fileID: 0}
  m_NavMeshLayer: 0
  m_StaticEditorFlags: 0
  m_IsActive: 1
--- !u!4 &1495075487885268174
Transform:
  m_ObjectHideFlags: 0
  m_CorrespondingSourceObject: {fileID: 0}
  m_PrefabInstance: {fileID: 0}
  m_PrefabAsset: {fileID: 0}
  m_GameObject: {fileID: 3733644074795304862}
  m_LocalRotation: {x: 0.9441333, y: 0.10814746, z: -0.22251531, w: -0.21772328}
  m_LocalPosition: {x: 0.09388258, y: -0.0062968615, z: -0.010889987}
  m_LocalScale: {x: 1, y: 1, z: 1}
  m_Children:
  - {fileID: 325779732307992879}
  m_Father: {fileID: 3586784918912770923}
  m_RootOrder: 2
  m_LocalEulerAnglesHint: {x: 0, y: 0, z: 0}
--- !u!1 &3778260458106112745
GameObject:
  m_ObjectHideFlags: 0
  m_CorrespondingSourceObject: {fileID: 0}
  m_PrefabInstance: {fileID: 0}
  m_PrefabAsset: {fileID: 0}
  serializedVersion: 6
  m_Component:
  - component: {fileID: 4757507909491125409}
  m_Layer: 0
  m_Name: pinky_01_l
  m_TagString: Untagged
  m_Icon: {fileID: 0}
  m_NavMeshLayer: 0
  m_StaticEditorFlags: 0
  m_IsActive: 1
--- !u!4 &4757507909491125409
Transform:
  m_ObjectHideFlags: 0
  m_CorrespondingSourceObject: {fileID: 0}
  m_PrefabInstance: {fileID: 0}
  m_PrefabAsset: {fileID: 0}
  m_GameObject: {fileID: 3778260458106112745}
  m_LocalRotation: {x: 0.053611133, y: -0.2870915, z: 0.30735195, w: 0.9056705}
  m_LocalPosition: {x: -0.030193938, y: 0.07483896, z: -0.02817559}
  m_LocalScale: {x: 1, y: 1, z: 1}
  m_Children:
  - {fileID: 6646229800965931997}
  m_Father: {fileID: 8795223720688155811}
  m_RootOrder: 2
  m_LocalEulerAnglesHint: {x: 0, y: 0, z: 0}
--- !u!1 &3791297914474470614
GameObject:
  m_ObjectHideFlags: 0
  m_CorrespondingSourceObject: {fileID: 0}
  m_PrefabInstance: {fileID: 0}
  m_PrefabAsset: {fileID: 0}
  serializedVersion: 6
  m_Component:
  - component: {fileID: 1368622002111342292}
  m_Layer: 0
  m_Name: thumb_01_l
  m_TagString: Untagged
  m_Icon: {fileID: 0}
  m_NavMeshLayer: 0
  m_StaticEditorFlags: 0
  m_IsActive: 1
--- !u!4 &1368622002111342292
Transform:
  m_ObjectHideFlags: 0
  m_CorrespondingSourceObject: {fileID: 0}
  m_PrefabInstance: {fileID: 0}
  m_PrefabAsset: {fileID: 0}
  m_GameObject: {fileID: 3791297914474470614}
  m_LocalRotation: {x: -0.27413023, y: 0.7297701, z: 0.4440831, w: -0.44167683}
  m_LocalPosition: {x: 0.012982524, y: 0.035155986, z: 0.013297817}
  m_LocalScale: {x: 1, y: 1, z: 1}
  m_Children:
  - {fileID: 6873803215881955310}
  m_Father: {fileID: 8795223720688155811}
  m_RootOrder: 4
  m_LocalEulerAnglesHint: {x: 0, y: 0, z: 0}
--- !u!1 &3893386140363359614
GameObject:
  m_ObjectHideFlags: 0
  m_CorrespondingSourceObject: {fileID: 0}
  m_PrefabInstance: {fileID: 0}
  m_PrefabAsset: {fileID: 0}
  serializedVersion: 6
  m_Component:
  - component: {fileID: 4169442192448290768}
  m_Layer: 0
  m_Name: upperarm_r
  m_TagString: Untagged
  m_Icon: {fileID: 0}
  m_NavMeshLayer: 0
  m_StaticEditorFlags: 0
  m_IsActive: 1
--- !u!4 &4169442192448290768
Transform:
  m_ObjectHideFlags: 0
  m_CorrespondingSourceObject: {fileID: 0}
  m_PrefabInstance: {fileID: 0}
  m_PrefabAsset: {fileID: 0}
  m_GameObject: {fileID: 3893386140363359614}
  m_LocalRotation: {x: 0.0072277603, y: -0.00053009944, z: -0.34930268, w: 0.936982}
  m_LocalPosition: {x: -6.8265193e-10, y: 0.1312861, z: 1.5338507e-12}
  m_LocalScale: {x: 1, y: 1, z: 1}
  m_Children:
  - {fileID: 29144538603967021}
  m_Father: {fileID: 3054060534837050558}
  m_RootOrder: 0
  m_LocalEulerAnglesHint: {x: 0, y: 0, z: 0}
--- !u!1 &4143893813074001000
GameObject:
  m_ObjectHideFlags: 0
  m_CorrespondingSourceObject: {fileID: 0}
  m_PrefabInstance: {fileID: 0}
  m_PrefabAsset: {fileID: 0}
  serializedVersion: 6
  m_Component:
  - component: {fileID: 6578807298175264262}
  m_Layer: 0
  m_Name: upperarm_l
  m_TagString: Untagged
  m_Icon: {fileID: 0}
  m_NavMeshLayer: 0
  m_StaticEditorFlags: 0
  m_IsActive: 1
--- !u!4 &6578807298175264262
Transform:
  m_ObjectHideFlags: 0
  m_CorrespondingSourceObject: {fileID: 0}
  m_PrefabInstance: {fileID: 0}
  m_PrefabAsset: {fileID: 0}
  m_GameObject: {fileID: 4143893813074001000}
  m_LocalRotation: {x: 0.0072277603, y: 0.00053009944, z: 0.34930268, w: 0.936982}
  m_LocalPosition: {x: 6.8265193e-10, y: 0.1312861, z: 1.5338507e-12}
  m_LocalScale: {x: 1, y: 1, z: 1}
  m_Children:
  - {fileID: 8331509981547702072}
  m_Father: {fileID: 6002236048441186460}
  m_RootOrder: 0
  m_LocalEulerAnglesHint: {x: 0, y: 0, z: 0}
--- !u!1 &4156733939311207783
GameObject:
  m_ObjectHideFlags: 0
  m_CorrespondingSourceObject: {fileID: 0}
  m_PrefabInstance: {fileID: 0}
  m_PrefabAsset: {fileID: 0}
  serializedVersion: 6
  m_Component:
  - component: {fileID: 3087596773579898169}
  m_Layer: 0
  m_Name: foot_r
  m_TagString: Untagged
  m_Icon: {fileID: 0}
  m_NavMeshLayer: 0
  m_StaticEditorFlags: 0
  m_IsActive: 1
--- !u!4 &3087596773579898169
Transform:
  m_ObjectHideFlags: 0
  m_CorrespondingSourceObject: {fileID: 0}
  m_PrefabInstance: {fileID: 0}
  m_PrefabAsset: {fileID: 0}
  m_GameObject: {fileID: 4156733939311207783}
  m_LocalRotation: {x: -0.5349148, y: 0.00000000984173, z: -0.00000013541515, w: 0.84490603}
  m_LocalPosition: {x: -0.000000001932733, y: 0.37758797, z: -3.9850182e-11}
  m_LocalScale: {x: 1, y: 1, z: 1}
  m_Children:
  - {fileID: 2490608894131755279}
  m_Father: {fileID: 325779732307992879}
  m_RootOrder: 0
  m_LocalEulerAnglesHint: {x: 0, y: 0, z: 0}
--- !u!1 &4665827015957426904
GameObject:
  m_ObjectHideFlags: 0
  m_CorrespondingSourceObject: {fileID: 0}
  m_PrefabInstance: {fileID: 0}
  m_PrefabAsset: {fileID: 0}
  serializedVersion: 6
  m_Component:
  - component: {fileID: 2432954119172570359}
  m_Layer: 0
  m_Name: spine_01
  m_TagString: Untagged
  m_Icon: {fileID: 0}
  m_NavMeshLayer: 0
  m_StaticEditorFlags: 0
  m_IsActive: 1
--- !u!4 &2432954119172570359
Transform:
  m_ObjectHideFlags: 0
  m_CorrespondingSourceObject: {fileID: 0}
  m_PrefabInstance: {fileID: 0}
  m_PrefabAsset: {fileID: 0}
  m_GameObject: {fileID: 4665827015957426904}
  m_LocalRotation: {x: 0.43550694, y: 0, z: -0, w: 0.90018535}
  m_LocalPosition: {x: -0, y: 0.08501589, z: 1.527951e-11}
  m_LocalScale: {x: 1, y: 1, z: 1}
  m_Children:
  - {fileID: 6760671989871587409}
  m_Father: {fileID: 3586784918912770923}
  m_RootOrder: 0
  m_LocalEulerAnglesHint: {x: 0, y: 0, z: 0}
--- !u!1 &4680633977434528147
GameObject:
  m_ObjectHideFlags: 0
  m_CorrespondingSourceObject: {fileID: 0}
  m_PrefabInstance: {fileID: 0}
  m_PrefabAsset: {fileID: 0}
  serializedVersion: 6
  m_Component:
  - component: {fileID: 8338108492412930601}
  m_Layer: 0
  m_Name: thumb_03_r
  m_TagString: Untagged
  m_Icon: {fileID: 0}
  m_NavMeshLayer: 0
  m_StaticEditorFlags: 0
  m_IsActive: 1
--- !u!4 &8338108492412930601
Transform:
  m_ObjectHideFlags: 0
  m_CorrespondingSourceObject: {fileID: 0}
  m_PrefabInstance: {fileID: 0}
  m_PrefabAsset: {fileID: 0}
  m_GameObject: {fileID: 4680633977434528147}
  m_LocalRotation: {x: 0.13958856, y: -0.0047402265, z: -0.033606492, w: 0.98962784}
  m_LocalPosition: {x: -0.0000000012605597, y: 0.03242902, z: 0.000000010713096}
  m_LocalScale: {x: 1, y: 1, z: 1}
  m_Children: []
  m_Father: {fileID: 1669228606010257279}
  m_RootOrder: 0
  m_LocalEulerAnglesHint: {x: 0, y: 0, z: 0}
--- !u!1 &4742644475579895343
GameObject:
  m_ObjectHideFlags: 0
  m_CorrespondingSourceObject: {fileID: 0}
  m_PrefabInstance: {fileID: 0}
  m_PrefabAsset: {fileID: 0}
  serializedVersion: 6
  m_Component:
  - component: {fileID: 5322011581980301515}
  m_Layer: 0
  m_Name: middle_01_l
  m_TagString: Untagged
  m_Icon: {fileID: 0}
  m_NavMeshLayer: 0
  m_StaticEditorFlags: 0
  m_IsActive: 1
--- !u!4 &5322011581980301515
Transform:
  m_ObjectHideFlags: 0
  m_CorrespondingSourceObject: {fileID: 0}
  m_PrefabInstance: {fileID: 0}
  m_PrefabAsset: {fileID: 0}
  m_GameObject: {fileID: 4742644475579895343}
  m_LocalRotation: {x: 0.10458614, y: -0.40456694, z: 0.1513755, w: 0.8958085}
  m_LocalPosition: {x: -0.0028884471, y: 0.091075756, z: -0.010065472}
  m_LocalScale: {x: 1, y: 1, z: 1}
  m_Children:
  - {fileID: 363004023977559648}
  m_Father: {fileID: 8795223720688155811}
  m_RootOrder: 1
  m_LocalEulerAnglesHint: {x: 0, y: 0, z: 0}
--- !u!1 &4901441970852825332
GameObject:
  m_ObjectHideFlags: 0
  m_CorrespondingSourceObject: {fileID: 0}
  m_PrefabInstance: {fileID: 0}
  m_PrefabAsset: {fileID: 0}
  serializedVersion: 6
  m_Component:
  - component: {fileID: 3549096413179324595}
  m_Layer: 0
  m_Name: middle_02_r
  m_TagString: Untagged
  m_Icon: {fileID: 0}
  m_NavMeshLayer: 0
  m_StaticEditorFlags: 0
  m_IsActive: 1
--- !u!4 &3549096413179324595
Transform:
  m_ObjectHideFlags: 0
  m_CorrespondingSourceObject: {fileID: 0}
  m_PrefabInstance: {fileID: 0}
  m_PrefabAsset: {fileID: 0}
  m_GameObject: {fileID: 4901441970852825332}
  m_LocalRotation: {x: 0.047131367, y: 0.0013881047, z: 0.035714716, w: 0.9982491}
  m_LocalPosition: {x: -0.00000002917618, y: 0.030618453, z: -0.000000037458744}
  m_LocalScale: {x: 1, y: 1, z: 1}
  m_Children:
  - {fileID: 1560905907605439482}
  m_Father: {fileID: 7075080002055452020}
  m_RootOrder: 0
  m_LocalEulerAnglesHint: {x: 0, y: 0, z: 0}
--- !u!1 &4948726373771938790
GameObject:
  m_ObjectHideFlags: 0
  m_CorrespondingSourceObject: {fileID: 0}
  m_PrefabInstance: {fileID: 0}
  m_PrefabAsset: {fileID: 0}
  serializedVersion: 6
  m_Component:
  - component: {fileID: 3054060534837050558}
  m_Layer: 0
  m_Name: clavicle_r
  m_TagString: Untagged
  m_Icon: {fileID: 0}
  m_NavMeshLayer: 0
  m_StaticEditorFlags: 0
  m_IsActive: 1
--- !u!4 &3054060534837050558
Transform:
  m_ObjectHideFlags: 0
  m_CorrespondingSourceObject: {fileID: 0}
  m_PrefabInstance: {fileID: 0}
  m_PrefabAsset: {fileID: 0}
  m_GameObject: {fileID: 4948726373771938790}
  m_LocalRotation: {x: -0.00322611, y: -0.003489061, z: -0.74678004, w: 0.66505414}
  m_LocalPosition: {x: 0.02257267, y: 0.225176, z: 0.0075346106}
  m_LocalScale: {x: 1, y: 1, z: 1}
  m_Children:
  - {fileID: 4169442192448290768}
  m_Father: {fileID: 1420059225471396290}
  m_RootOrder: 1
  m_LocalEulerAnglesHint: {x: 0, y: 0, z: 0}
--- !u!1 &5107777195414167363
GameObject:
  m_ObjectHideFlags: 0
  m_CorrespondingSourceObject: {fileID: 0}
  m_PrefabInstance: {fileID: 0}
  m_PrefabAsset: {fileID: 0}
  serializedVersion: 6
  m_Component:
  - component: {fileID: 6521437386344863759}
  m_Layer: 0
  m_Name: index_03_l
  m_TagString: Untagged
  m_Icon: {fileID: 0}
  m_NavMeshLayer: 0
  m_StaticEditorFlags: 0
  m_IsActive: 1
--- !u!4 &6521437386344863759
Transform:
  m_ObjectHideFlags: 0
  m_CorrespondingSourceObject: {fileID: 0}
  m_PrefabInstance: {fileID: 0}
  m_PrefabAsset: {fileID: 0}
  m_GameObject: {fileID: 5107777195414167363}
  m_LocalRotation: {x: 0.064799495, y: -0.00011874221, z: -0.020737743, w: 0.9976828}
  m_LocalPosition: {x: 0.000000005619697, y: 0.020700056, z: -0.0000000058496092}
  m_LocalScale: {x: 1, y: 1, z: 1}
  m_Children: []
  m_Father: {fileID: 4019174815107860397}
  m_RootOrder: 0
  m_LocalEulerAnglesHint: {x: 0, y: 0, z: 0}
--- !u!1 &5452506241507007253
GameObject:
  m_ObjectHideFlags: 0
  m_CorrespondingSourceObject: {fileID: 0}
  m_PrefabInstance: {fileID: 0}
  m_PrefabAsset: {fileID: 0}
  serializedVersion: 6
  m_Component:
  - component: {fileID: 325779732307992879}
  m_Layer: 0
  m_Name: calf_r
  m_TagString: Untagged
  m_Icon: {fileID: 0}
  m_NavMeshLayer: 0
  m_StaticEditorFlags: 0
  m_IsActive: 1
--- !u!4 &325779732307992879
Transform:
  m_ObjectHideFlags: 0
  m_CorrespondingSourceObject: {fileID: 0}
  m_PrefabInstance: {fileID: 0}
  m_PrefabAsset: {fileID: 0}
  m_GameObject: {fileID: 5452506241507007253}
  m_LocalRotation: {x: 0.066357024, y: 0.23549192, z: -0.0024893978, w: 0.96960515}
  m_LocalPosition: {x: -0.0000000016945055, y: 0.36556584, z: 0.0000000017138148}
  m_LocalScale: {x: 1, y: 1, z: 1}
  m_Children:
  - {fileID: 3087596773579898169}
  m_Father: {fileID: 1495075487885268174}
  m_RootOrder: 0
  m_LocalEulerAnglesHint: {x: 0, y: 0, z: 0}
--- !u!1 &5455237922481426080
GameObject:
  m_ObjectHideFlags: 0
  m_CorrespondingSourceObject: {fileID: 0}
  m_PrefabInstance: {fileID: 0}
  m_PrefabAsset: {fileID: 0}
  serializedVersion: 6
  m_Component:
  - component: {fileID: 8331509981547702072}
  m_Layer: 0
  m_Name: lowerarm_l
  m_TagString: Untagged
  m_Icon: {fileID: 0}
  m_NavMeshLayer: 0
  m_StaticEditorFlags: 0
  m_IsActive: 1
--- !u!4 &8331509981547702072
Transform:
  m_ObjectHideFlags: 0
  m_CorrespondingSourceObject: {fileID: 0}
  m_PrefabInstance: {fileID: 0}
  m_PrefabAsset: {fileID: 0}
  m_GameObject: {fileID: 5455237922481426080}
  m_LocalRotation: {x: 0.3305562, y: 0.00012836515, z: 0.00031011534, w: 0.94378626}
  m_LocalPosition: {x: -0.000000003855898, y: 0.23084886, z: -6.7770976e-11}
  m_LocalScale: {x: 1, y: 1, z: 1}
  m_Children:
  - {fileID: 8795223720688155811}
  m_Father: {fileID: 6578807298175264262}
  m_RootOrder: 0
  m_LocalEulerAnglesHint: {x: 0, y: 0, z: 0}
--- !u!1 &5615702483675339628
GameObject:
  m_ObjectHideFlags: 0
  m_CorrespondingSourceObject: {fileID: 0}
  m_PrefabInstance: {fileID: 0}
  m_PrefabAsset: {fileID: 0}
  serializedVersion: 6
  m_Component:
  - component: {fileID: 5646362051733682298}
  m_Layer: 0
  m_Name: index_02_r
  m_TagString: Untagged
  m_Icon: {fileID: 0}
  m_NavMeshLayer: 0
  m_StaticEditorFlags: 0
  m_IsActive: 1
--- !u!4 &5646362051733682298
Transform:
  m_ObjectHideFlags: 0
  m_CorrespondingSourceObject: {fileID: 0}
  m_PrefabInstance: {fileID: 0}
  m_PrefabAsset: {fileID: 0}
  m_GameObject: {fileID: 5615702483675339628}
  m_LocalRotation: {x: 0.11169366, y: 0.0031399012, z: 0.005452879, w: 0.9937228}
  m_LocalPosition: {x: 0.000000016475985, y: 0.023237025, z: 0.000000022889926}
  m_LocalScale: {x: 1, y: 1, z: 1}
  m_Children:
  - {fileID: 3900885898569664826}
  m_Father: {fileID: 3802605000986764133}
  m_RootOrder: 0
  m_LocalEulerAnglesHint: {x: 0, y: 0, z: 0}
--- !u!1 &5620024788904826272
GameObject:
  m_ObjectHideFlags: 0
  m_CorrespondingSourceObject: {fileID: 0}
  m_PrefabInstance: {fileID: 0}
  m_PrefabAsset: {fileID: 0}
  serializedVersion: 6
  m_Component:
  - component: {fileID: 7982609328370652251}
  m_Layer: 0
  m_Name: ring_02_l
  m_TagString: Untagged
  m_Icon: {fileID: 0}
  m_NavMeshLayer: 0
  m_StaticEditorFlags: 0
  m_IsActive: 1
--- !u!4 &7982609328370652251
Transform:
  m_ObjectHideFlags: 0
  m_CorrespondingSourceObject: {fileID: 0}
  m_PrefabInstance: {fileID: 0}
  m_PrefabAsset: {fileID: 0}
  m_GameObject: {fileID: 5620024788904826272}
  m_LocalRotation: {x: 0.06315833, y: -0.001122813, z: -0.03950927, w: 0.9972205}
  m_LocalPosition: {x: 0.000000009248534, y: 0.026798677, z: -0.000000016481241}
  m_LocalScale: {x: 1, y: 1, z: 1}
  m_Children:
  - {fileID: 3552420264892368734}
  m_Father: {fileID: 5760935936657947312}
  m_RootOrder: 0
  m_LocalEulerAnglesHint: {x: 0, y: 0, z: 0}
--- !u!1 &5632779613964502964
GameObject:
  m_ObjectHideFlags: 0
  m_CorrespondingSourceObject: {fileID: 0}
  m_PrefabInstance: {fileID: 0}
  m_PrefabAsset: {fileID: 0}
  serializedVersion: 6
  m_Component:
  - component: {fileID: 3124821943176902665}
  - component: {fileID: 7832349201816542211}
  m_Layer: 0
  m_Name: female_m_t_shirtMesh
  m_TagString: Untagged
  m_Icon: {fileID: 0}
  m_NavMeshLayer: 0
  m_StaticEditorFlags: 0
  m_IsActive: 1
--- !u!4 &3124821943176902665
Transform:
  m_ObjectHideFlags: 0
  m_CorrespondingSourceObject: {fileID: 0}
  m_PrefabInstance: {fileID: 0}
  m_PrefabAsset: {fileID: 0}
  m_GameObject: {fileID: 5632779613964502964}
  m_LocalRotation: {x: 0, y: -0, z: -0, w: 1}
  m_LocalPosition: {x: -0, y: 0, z: 0}
  m_LocalScale: {x: 1, y: 1, z: 1}
  m_Children: []
  m_Father: {fileID: 3228746566870050117}
  m_RootOrder: 1
  m_LocalEulerAnglesHint: {x: 0, y: 0, z: 0}
--- !u!137 &7832349201816542211
SkinnedMeshRenderer:
  m_ObjectHideFlags: 0
  m_CorrespondingSourceObject: {fileID: 0}
  m_PrefabInstance: {fileID: 0}
  m_PrefabAsset: {fileID: 0}
  m_GameObject: {fileID: 5632779613964502964}
  m_Enabled: 1
  m_CastShadows: 1
  m_ReceiveShadows: 1
  m_DynamicOccludee: 1
  m_MotionVectors: 1
  m_LightProbeUsage: 1
  m_ReflectionProbeUsage: 1
  m_RayTracingMode: 0
  m_RenderingLayerMask: 1
  m_RendererPriority: 0
  m_Materials:
  - {fileID: 7950210839980392880, guid: 9f26a6abc3b987e4fb544c17a94a8a8e, type: 3}
  m_StaticBatchInfo:
    firstSubMesh: 0
    subMeshCount: 0
  m_StaticBatchRoot: {fileID: 0}
  m_ProbeAnchor: {fileID: 0}
  m_LightProbeVolumeOverride: {fileID: 0}
  m_ScaleInLightmap: 1
  m_ReceiveGI: 1
  m_PreserveUVs: 0
  m_IgnoreNormalsForChartDetection: 0
  m_ImportantGI: 0
  m_StitchLightmapSeams: 1
  m_SelectedEditorRenderState: 3
  m_MinimumChartSize: 4
  m_AutoUVMaxDistance: 0.5
  m_AutoUVMaxAngle: 89
  m_LightmapParameters: {fileID: 0}
  m_SortingLayerID: 0
  m_SortingLayer: 0
  m_SortingOrder: 0
  serializedVersion: 2
  m_Quality: 0
  m_UpdateWhenOffscreen: 0
  m_SkinnedMotionVectors: 1
  m_Mesh: {fileID: -426303368422559784, guid: 9f26a6abc3b987e4fb544c17a94a8a8e, type: 3}
  m_Bones:
  - {fileID: 3586784918912770923}
  - {fileID: 2432954119172570359}
  - {fileID: 3426548769419401170}
  - {fileID: 1495075487885268174}
  - {fileID: 6760671989871587409}
  - {fileID: 6740626926523801580}
  - {fileID: 325779732307992879}
  - {fileID: 1420059225471396290}
  - {fileID: 2055607205204456615}
  - {fileID: 3087596773579898169}
  - {fileID: 6002236048441186460}
  - {fileID: 3054060534837050558}
  - {fileID: 8311675896104827259}
  - {fileID: 5925276567428970439}
  - {fileID: 2490608894131755279}
  - {fileID: 6578807298175264262}
  - {fileID: 4169442192448290768}
  - {fileID: 317462488036996985}
  - {fileID: 8331509981547702072}
  - {fileID: 29144538603967021}
  - {fileID: 8795223720688155811}
  - {fileID: 6493375624429212237}
  - {fileID: 8061376935423563475}
  - {fileID: 5322011581980301515}
  - {fileID: 4757507909491125409}
  - {fileID: 5760935936657947312}
  - {fileID: 1368622002111342292}
  - {fileID: 3802605000986764133}
  - {fileID: 7075080002055452020}
  - {fileID: 8813202673126894030}
  - {fileID: 1143052922254024687}
  - {fileID: 5956423434269412479}
  - {fileID: 4019174815107860397}
  - {fileID: 363004023977559648}
  - {fileID: 6646229800965931997}
  - {fileID: 7982609328370652251}
  - {fileID: 6873803215881955310}
  - {fileID: 5646362051733682298}
  - {fileID: 3549096413179324595}
  - {fileID: 6860540712794709941}
  - {fileID: 1367372272064763314}
  - {fileID: 1669228606010257279}
  - {fileID: 6521437386344863759}
  - {fileID: 7121654615528735766}
  - {fileID: 4870035759585672710}
  - {fileID: 3552420264892368734}
  - {fileID: 5302474759511486396}
  - {fileID: 3900885898569664826}
  - {fileID: 1560905907605439482}
  - {fileID: 9190347344323401994}
  - {fileID: 7116597318664410068}
  - {fileID: 8338108492412930601}
  m_BlendShapeWeights: []
  m_RootBone: {fileID: 3586784918912770923}
  m_AABB:
    m_Center: {x: 0.0025563538, y: -0.0653024, z: -0.017690867}
    m_Extent: {x: 0.49356928, y: 0.74338245, z: 0.5288167}
  m_DirtyAABB: 0
--- !u!1 &5687032201263038652
GameObject:
  m_ObjectHideFlags: 0
  m_CorrespondingSourceObject: {fileID: 0}
  m_PrefabInstance: {fileID: 0}
  m_PrefabAsset: {fileID: 0}
  serializedVersion: 6
  m_Component:
  - component: {fileID: 6740626926523801580}
  m_Layer: 0
  m_Name: calf_l
  m_TagString: Untagged
  m_Icon: {fileID: 0}
  m_NavMeshLayer: 0
  m_StaticEditorFlags: 0
  m_IsActive: 1
--- !u!4 &6740626926523801580
Transform:
  m_ObjectHideFlags: 0
  m_CorrespondingSourceObject: {fileID: 0}
  m_PrefabInstance: {fileID: 0}
  m_PrefabAsset: {fileID: 0}
  m_GameObject: {fileID: 5687032201263038652}
  m_LocalRotation: {x: 0.066357024, y: -0.23549192, z: 0.0024893978, w: 0.96960515}
  m_LocalPosition: {x: 0.0000000016945055, y: 0.36556584, z: 0.0000000017138148}
  m_LocalScale: {x: 1, y: 1, z: 1}
  m_Children:
  - {fileID: 2055607205204456615}
  m_Father: {fileID: 3426548769419401170}
  m_RootOrder: 0
  m_LocalEulerAnglesHint: {x: 0, y: 0, z: 0}
--- !u!1 &5895002341532675870
GameObject:
  m_ObjectHideFlags: 0
  m_CorrespondingSourceObject: {fileID: 0}
  m_PrefabInstance: {fileID: 0}
  m_PrefabAsset: {fileID: 0}
  serializedVersion: 6
  m_Component:
  - component: {fileID: 5302474759511486396}
  m_Layer: 0
  m_Name: thumb_03_l
  m_TagString: Untagged
  m_Icon: {fileID: 0}
  m_NavMeshLayer: 0
  m_StaticEditorFlags: 0
  m_IsActive: 1
--- !u!4 &5302474759511486396
Transform:
  m_ObjectHideFlags: 0
  m_CorrespondingSourceObject: {fileID: 0}
  m_PrefabInstance: {fileID: 0}
  m_PrefabAsset: {fileID: 0}
  m_GameObject: {fileID: 5895002341532675870}
  m_LocalRotation: {x: 0.13958856, y: 0.0047402265, z: 0.033606492, w: 0.98962784}
  m_LocalPosition: {x: 0.0000000012605597, y: 0.03242902, z: 0.000000010713096}
  m_LocalScale: {x: 1, y: 1, z: 1}
  m_Children: []
  m_Father: {fileID: 6873803215881955310}
  m_RootOrder: 0
  m_LocalEulerAnglesHint: {x: 0, y: 0, z: 0}
--- !u!1 &6126722469075560565
GameObject:
  m_ObjectHideFlags: 0
  m_CorrespondingSourceObject: {fileID: 0}
  m_PrefabInstance: {fileID: 0}
  m_PrefabAsset: {fileID: 0}
  serializedVersion: 6
  m_Component:
  - component: {fileID: 3552420264892368734}
  m_Layer: 0
  m_Name: ring_03_l
  m_TagString: Untagged
  m_Icon: {fileID: 0}
  m_NavMeshLayer: 0
  m_StaticEditorFlags: 0
  m_IsActive: 1
--- !u!4 &3552420264892368734
Transform:
  m_ObjectHideFlags: 0
  m_CorrespondingSourceObject: {fileID: 0}
  m_PrefabInstance: {fileID: 0}
  m_PrefabAsset: {fileID: 0}
  m_GameObject: {fileID: 6126722469075560565}
  m_LocalRotation: {x: 0.05182127, y: 0.00004351543, z: 0.020952994, w: 0.99843657}
  m_LocalPosition: {x: -0.00000000895714, y: 0.022356253, z: 0.000000009770759}
  m_LocalScale: {x: 1, y: 1, z: 1}
  m_Children: []
  m_Father: {fileID: 7982609328370652251}
  m_RootOrder: 0
  m_LocalEulerAnglesHint: {x: 0, y: 0, z: 0}
--- !u!1 &6339199174444757171
GameObject:
  m_ObjectHideFlags: 0
  m_CorrespondingSourceObject: {fileID: 0}
  m_PrefabInstance: {fileID: 0}
  m_PrefabAsset: {fileID: 0}
  serializedVersion: 6
  m_Component:
  - component: {fileID: 3426548769419401170}
  m_Layer: 0
  m_Name: thigh_l
  m_TagString: Untagged
  m_Icon: {fileID: 0}
  m_NavMeshLayer: 0
  m_StaticEditorFlags: 0
  m_IsActive: 1
--- !u!4 &3426548769419401170
Transform:
  m_ObjectHideFlags: 0
  m_CorrespondingSourceObject: {fileID: 0}
  m_PrefabInstance: {fileID: 0}
  m_PrefabAsset: {fileID: 0}
  m_GameObject: {fileID: 6339199174444757171}
  m_LocalRotation: {x: 0.9441333, y: -0.10814746, z: 0.22251531, w: -0.21772328}
  m_LocalPosition: {x: -0.09388258, y: -0.0062968615, z: -0.010889987}
  m_LocalScale: {x: 1, y: 1, z: 1}
  m_Children:
  - {fileID: 6740626926523801580}
  m_Father: {fileID: 3586784918912770923}
  m_RootOrder: 1
  m_LocalEulerAnglesHint: {x: 0, y: 0, z: 0}
--- !u!1 &6579057368129794978
GameObject:
  m_ObjectHideFlags: 0
  m_CorrespondingSourceObject: {fileID: 0}
  m_PrefabInstance: {fileID: 0}
  m_PrefabAsset: {fileID: 0}
  serializedVersion: 6
  m_Component:
  - component: {fileID: 1420059225471396290}
  m_Layer: 0
  m_Name: spine_03
  m_TagString: Untagged
  m_Icon: {fileID: 0}
  m_NavMeshLayer: 0
  m_StaticEditorFlags: 0
  m_IsActive: 1
--- !u!4 &1420059225471396290
Transform:
  m_ObjectHideFlags: 0
  m_CorrespondingSourceObject: {fileID: 0}
  m_PrefabInstance: {fileID: 0}
  m_PrefabAsset: {fileID: 0}
  m_GameObject: {fileID: 6579057368129794978}
  m_LocalRotation: {x: -0.06365769, y: 8.4749395e-12, z: -5.405915e-13, w: 0.99797183}
  m_LocalPosition: {x: -0, y: 0.09064516, z: 0.00000000791562}
  m_LocalScale: {x: 1, y: 1, z: 1}
  m_Children:
  - {fileID: 6002236048441186460}
  - {fileID: 3054060534837050558}
  - {fileID: 8311675896104827259}
  m_Father: {fileID: 6760671989871587409}
  m_RootOrder: 0
  m_LocalEulerAnglesHint: {x: 0, y: 0, z: 0}
--- !u!1 &6663584832518908794
GameObject:
  m_ObjectHideFlags: 0
  m_CorrespondingSourceObject: {fileID: 0}
  m_PrefabInstance: {fileID: 0}
  m_PrefabAsset: {fileID: 0}
  serializedVersion: 6
  m_Component:
  - component: {fileID: 7075080002055452020}
  m_Layer: 0
  m_Name: middle_01_r
  m_TagString: Untagged
  m_Icon: {fileID: 0}
  m_NavMeshLayer: 0
  m_StaticEditorFlags: 0
  m_IsActive: 1
--- !u!4 &7075080002055452020
Transform:
  m_ObjectHideFlags: 0
  m_CorrespondingSourceObject: {fileID: 0}
  m_PrefabInstance: {fileID: 0}
  m_PrefabAsset: {fileID: 0}
  m_GameObject: {fileID: 6663584832518908794}
  m_LocalRotation: {x: 0.10458614, y: 0.40456694, z: -0.1513755, w: 0.8958085}
  m_LocalPosition: {x: 0.0028884471, y: 0.091075756, z: -0.010065472}
  m_LocalScale: {x: 1, y: 1, z: 1}
  m_Children:
  - {fileID: 3549096413179324595}
  m_Father: {fileID: 6493375624429212237}
  m_RootOrder: 1
  m_LocalEulerAnglesHint: {x: 0, y: 0, z: 0}
--- !u!1 &6810568624103265841
GameObject:
  m_ObjectHideFlags: 0
  m_CorrespondingSourceObject: {fileID: 0}
  m_PrefabInstance: {fileID: 0}
  m_PrefabAsset: {fileID: 0}
  serializedVersion: 6
  m_Component:
  - component: {fileID: 1669228606010257279}
  m_Layer: 0
  m_Name: thumb_02_r
  m_TagString: Untagged
  m_Icon: {fileID: 0}
  m_NavMeshLayer: 0
  m_StaticEditorFlags: 0
  m_IsActive: 1
--- !u!4 &1669228606010257279
Transform:
  m_ObjectHideFlags: 0
  m_CorrespondingSourceObject: {fileID: 0}
  m_PrefabInstance: {fileID: 0}
  m_PrefabAsset: {fileID: 0}
  m_GameObject: {fileID: 6810568624103265841}
  m_LocalRotation: {x: 0.072405465, y: -0.018708803, z: -0.1833995, w: 0.98018986}
  m_LocalPosition: {x: 3.9796474e-10, y: 0.02792372, z: 0.0000000109884635}
  m_LocalScale: {x: 1, y: 1, z: 1}
  m_Children:
  - {fileID: 8338108492412930601}
  m_Father: {fileID: 5956423434269412479}
  m_RootOrder: 0
  m_LocalEulerAnglesHint: {x: 0, y: 0, z: 0}
--- !u!1 &6916567603239854097
GameObject:
  m_ObjectHideFlags: 0
  m_CorrespondingSourceObject: {fileID: 0}
  m_PrefabInstance: {fileID: 0}
  m_PrefabAsset: {fileID: 0}
  serializedVersion: 6
  m_Component:
  - component: {fileID: 1560905907605439482}
  m_Layer: 0
  m_Name: middle_03_r
  m_TagString: Untagged
  m_Icon: {fileID: 0}
  m_NavMeshLayer: 0
  m_StaticEditorFlags: 0
  m_IsActive: 1
--- !u!4 &1560905907605439482
Transform:
  m_ObjectHideFlags: 0
  m_CorrespondingSourceObject: {fileID: 0}
  m_PrefabInstance: {fileID: 0}
  m_PrefabAsset: {fileID: 0}
  m_GameObject: {fileID: 6916567603239854097}
  m_LocalRotation: {x: 0.067779504, y: 0.000005572528, z: -0.0063862097, w: 0.9976799}
  m_LocalPosition: {x: -3.9390488e-10, y: 0.025099577, z: -2.1485248e-10}
  m_LocalScale: {x: 1, y: 1, z: 1}
  m_Children: []
  m_Father: {fileID: 3549096413179324595}
  m_RootOrder: 0
  m_LocalEulerAnglesHint: {x: 0, y: 0, z: 0}
--- !u!1 &6969095873491328718
GameObject:
  m_ObjectHideFlags: 0
  m_CorrespondingSourceObject: {fileID: 0}
  m_PrefabInstance: {fileID: 0}
  m_PrefabAsset: {fileID: 0}
  serializedVersion: 6
  m_Component:
  - component: {fileID: 6760671989871587409}
  m_Layer: 0
  m_Name: spine_02
  m_TagString: Untagged
  m_Icon: {fileID: 0}
  m_NavMeshLayer: 0
  m_StaticEditorFlags: 0
  m_IsActive: 1
--- !u!4 &6760671989871587409
Transform:
  m_ObjectHideFlags: 0
  m_CorrespondingSourceObject: {fileID: 0}
  m_PrefabInstance: {fileID: 0}
  m_PrefabAsset: {fileID: 0}
  m_GameObject: {fileID: 6969095873491328718}
  m_LocalRotation: {x: -0.10200784, y: 0, z: -0, w: 0.9947836}
  m_LocalPosition: {x: -0, y: 0.066125505, z: -0.000000013703313}
  m_LocalScale: {x: 1, y: 1, z: 1}
  m_Children:
  - {fileID: 1420059225471396290}
  m_Father: {fileID: 2432954119172570359}
  m_RootOrder: 0
  m_LocalEulerAnglesHint: {x: 0, y: 0, z: 0}
--- !u!1 &7357662572988981577
GameObject:
  m_ObjectHideFlags: 0
  m_CorrespondingSourceObject: {fileID: 0}
  m_PrefabInstance: {fileID: 0}
  m_PrefabAsset: {fileID: 0}
  serializedVersion: 6
  m_Component:
  - component: {fileID: 6873803215881955310}
  m_Layer: 0
  m_Name: thumb_02_l
  m_TagString: Untagged
  m_Icon: {fileID: 0}
  m_NavMeshLayer: 0
  m_StaticEditorFlags: 0
  m_IsActive: 1
--- !u!4 &6873803215881955310
Transform:
  m_ObjectHideFlags: 0
  m_CorrespondingSourceObject: {fileID: 0}
  m_PrefabInstance: {fileID: 0}
  m_PrefabAsset: {fileID: 0}
  m_GameObject: {fileID: 7357662572988981577}
  m_LocalRotation: {x: 0.072405465, y: 0.018708803, z: 0.1833995, w: 0.98018986}
  m_LocalPosition: {x: -3.9796474e-10, y: 0.02792372, z: 0.0000000109884635}
  m_LocalScale: {x: 1, y: 1, z: 1}
  m_Children:
  - {fileID: 5302474759511486396}
  m_Father: {fileID: 1368622002111342292}
  m_RootOrder: 0
  m_LocalEulerAnglesHint: {x: 0, y: 0, z: 0}
--- !u!1 &7369667100815583295
GameObject:
  m_ObjectHideFlags: 0
  m_CorrespondingSourceObject: {fileID: 0}
  m_PrefabInstance: {fileID: 0}
  m_PrefabAsset: {fileID: 0}
  serializedVersion: 6
  m_Component:
  - component: {fileID: 6853149964313658149}
  m_Layer: 0
  m_Name: Game_engine
  m_TagString: Untagged
  m_Icon: {fileID: 0}
  m_NavMeshLayer: 0
  m_StaticEditorFlags: 0
  m_IsActive: 1
--- !u!4 &6853149964313658149
Transform:
  m_ObjectHideFlags: 0
  m_CorrespondingSourceObject: {fileID: 0}
  m_PrefabInstance: {fileID: 0}
  m_PrefabAsset: {fileID: 0}
  m_GameObject: {fileID: 7369667100815583295}
  m_LocalRotation: {x: 0, y: -0, z: -0, w: 1}
  m_LocalPosition: {x: -0, y: 0, z: 0}
  m_LocalScale: {x: 1, y: 1, z: 1}
  m_Children:
  - {fileID: 7825331153239184554}
  m_Father: {fileID: 3228746566870050117}
  m_RootOrder: 2
  m_LocalEulerAnglesHint: {x: 0, y: 0, z: 0}
--- !u!1 &7393519612988412390
GameObject:
  m_ObjectHideFlags: 0
  m_CorrespondingSourceObject: {fileID: 0}
  m_PrefabInstance: {fileID: 0}
  m_PrefabAsset: {fileID: 0}
  serializedVersion: 6
  m_Component:
  - component: {fileID: 363004023977559648}
  m_Layer: 0
  m_Name: middle_02_l
  m_TagString: Untagged
  m_Icon: {fileID: 0}
  m_NavMeshLayer: 0
  m_StaticEditorFlags: 0
  m_IsActive: 1
--- !u!4 &363004023977559648
Transform:
  m_ObjectHideFlags: 0
  m_CorrespondingSourceObject: {fileID: 0}
  m_PrefabInstance: {fileID: 0}
  m_PrefabAsset: {fileID: 0}
  m_GameObject: {fileID: 7393519612988412390}
  m_LocalRotation: {x: 0.047131367, y: -0.0013881047, z: -0.035714716, w: 0.9982491}
  m_LocalPosition: {x: 0.00000002917618, y: 0.030618453, z: -0.000000037458744}
  m_LocalScale: {x: 1, y: 1, z: 1}
  m_Children:
  - {fileID: 7121654615528735766}
  m_Father: {fileID: 5322011581980301515}
  m_RootOrder: 0
  m_LocalEulerAnglesHint: {x: 0, y: 0, z: 0}
--- !u!1 &7750163219267443236
GameObject:
  m_ObjectHideFlags: 0
  m_CorrespondingSourceObject: {fileID: 0}
  m_PrefabInstance: {fileID: 0}
  m_PrefabAsset: {fileID: 0}
  serializedVersion: 6
  m_Component:
  - component: {fileID: 29144538603967021}
  m_Layer: 0
  m_Name: lowerarm_r
  m_TagString: Untagged
  m_Icon: {fileID: 0}
  m_NavMeshLayer: 0
  m_StaticEditorFlags: 0
  m_IsActive: 1
--- !u!4 &29144538603967021
Transform:
  m_ObjectHideFlags: 0
  m_CorrespondingSourceObject: {fileID: 0}
  m_PrefabInstance: {fileID: 0}
  m_PrefabAsset: {fileID: 0}
  m_GameObject: {fileID: 7750163219267443236}
  m_LocalRotation: {x: 0.3305562, y: -0.00012836515, z: -0.00031011534, w: 0.94378626}
  m_LocalPosition: {x: 0.000000003855898, y: 0.23084886, z: -6.7770976e-11}
  m_LocalScale: {x: 1, y: 1, z: 1}
  m_Children:
  - {fileID: 6493375624429212237}
  m_Father: {fileID: 4169442192448290768}
  m_RootOrder: 0
  m_LocalEulerAnglesHint: {x: 0, y: 0, z: 0}
--- !u!1 &7824358373923042422
GameObject:
  m_ObjectHideFlags: 0
  m_CorrespondingSourceObject: {fileID: 0}
  m_PrefabInstance: {fileID: 0}
  m_PrefabAsset: {fileID: 0}
  serializedVersion: 6
  m_Component:
  - component: {fileID: 8813202673126894030}
  m_Layer: 0
  m_Name: pinky_01_r
  m_TagString: Untagged
  m_Icon: {fileID: 0}
  m_NavMeshLayer: 0
  m_StaticEditorFlags: 0
  m_IsActive: 1
--- !u!4 &8813202673126894030
Transform:
  m_ObjectHideFlags: 0
  m_CorrespondingSourceObject: {fileID: 0}
  m_PrefabInstance: {fileID: 0}
  m_PrefabAsset: {fileID: 0}
  m_GameObject: {fileID: 7824358373923042422}
  m_LocalRotation: {x: 0.053611133, y: 0.2870915, z: -0.30735195, w: 0.9056705}
  m_LocalPosition: {x: 0.030193938, y: 0.07483896, z: -0.02817559}
  m_LocalScale: {x: 1, y: 1, z: 1}
  m_Children:
  - {fileID: 6860540712794709941}
  m_Father: {fileID: 6493375624429212237}
  m_RootOrder: 2
  m_LocalEulerAnglesHint: {x: 0, y: 0, z: 0}
--- !u!1 &7968964875023599240
GameObject:
  m_ObjectHideFlags: 0
  m_CorrespondingSourceObject: {fileID: 0}
  m_PrefabInstance: {fileID: 0}
  m_PrefabAsset: {fileID: 0}
  serializedVersion: 6
  m_Component:
  - component: {fileID: 8061376935423563475}
  m_Layer: 0
  m_Name: index_01_l
  m_TagString: Untagged
  m_Icon: {fileID: 0}
  m_NavMeshLayer: 0
  m_StaticEditorFlags: 0
  m_IsActive: 1
--- !u!4 &8061376935423563475
Transform:
  m_ObjectHideFlags: 0
  m_CorrespondingSourceObject: {fileID: 0}
  m_PrefabInstance: {fileID: 0}
  m_PrefabAsset: {fileID: 0}
  m_GameObject: {fileID: 7968964875023599240}
  m_LocalRotation: {x: 0.11407732, y: -0.47055483, z: 0.002858917, w: 0.8749608}
  m_LocalPosition: {x: 0.011567738, y: 0.094682075, z: 0.00866391}
  m_LocalScale: {x: 1, y: 1, z: 1}
  m_Children:
  - {fileID: 4019174815107860397}
  m_Father: {fileID: 8795223720688155811}
  m_RootOrder: 0
  m_LocalEulerAnglesHint: {x: 0, y: 0, z: 0}
--- !u!1 &8329775525054819114
GameObject:
  m_ObjectHideFlags: 0
  m_CorrespondingSourceObject: {fileID: 0}
  m_PrefabInstance: {fileID: 0}
  m_PrefabAsset: {fileID: 0}
  serializedVersion: 6
  m_Component:
  - component: {fileID: 4019174815107860397}
  m_Layer: 0
  m_Name: index_02_l
  m_TagString: Untagged
  m_Icon: {fileID: 0}
  m_NavMeshLayer: 0
  m_StaticEditorFlags: 0
  m_IsActive: 1
--- !u!4 &4019174815107860397
Transform:
  m_ObjectHideFlags: 0
  m_CorrespondingSourceObject: {fileID: 0}
  m_PrefabInstance: {fileID: 0}
  m_PrefabAsset: {fileID: 0}
  m_GameObject: {fileID: 8329775525054819114}
  m_LocalRotation: {x: 0.11169366, y: -0.0031399012, z: -0.005452879, w: 0.9937228}
  m_LocalPosition: {x: -0.000000016475985, y: 0.023237025, z: 0.000000022889926}
  m_LocalScale: {x: 1, y: 1, z: 1}
  m_Children:
  - {fileID: 6521437386344863759}
  m_Father: {fileID: 8061376935423563475}
  m_RootOrder: 0
  m_LocalEulerAnglesHint: {x: 0, y: 0, z: 0}
--- !u!1 &8665363357393054660
GameObject:
  m_ObjectHideFlags: 0
  m_CorrespondingSourceObject: {fileID: 0}
  m_PrefabInstance: {fileID: 0}
  m_PrefabAsset: {fileID: 0}
  serializedVersion: 6
  m_Component:
  - component: {fileID: 9190347344323401994}
  m_Layer: 0
  m_Name: pinky_03_r
  m_TagString: Untagged
  m_Icon: {fileID: 0}
  m_NavMeshLayer: 0
  m_StaticEditorFlags: 0
  m_IsActive: 1
--- !u!4 &9190347344323401994
Transform:
  m_ObjectHideFlags: 0
  m_CorrespondingSourceObject: {fileID: 0}
  m_PrefabInstance: {fileID: 0}
  m_PrefabAsset: {fileID: 0}
  m_GameObject: {fileID: 8665363357393054660}
  m_LocalRotation: {x: -0.011824836, y: 0.000019098256, z: -0.013408235, w: 0.9998402}
  m_LocalPosition: {x: -0.000000015256656, y: 0.014100757, z: -0.000000010209325}
  m_LocalScale: {x: 1, y: 1, z: 1}
  m_Children: []
  m_Father: {fileID: 6860540712794709941}
  m_RootOrder: 0
  m_LocalEulerAnglesHint: {x: 0, y: 0, z: 0}
--- !u!1 &8934924814673752825
GameObject:
  m_ObjectHideFlags: 0
  m_CorrespondingSourceObject: {fileID: 0}
  m_PrefabInstance: {fileID: 0}
  m_PrefabAsset: {fileID: 0}
  serializedVersion: 6
  m_Component:
  - component: {fileID: 3940367326897634260}
  - component: {fileID: 299390771588988107}
  m_Layer: 0
  m_Name: high-polyMesh
  m_TagString: Untagged
  m_Icon: {fileID: 0}
  m_NavMeshLayer: 0
  m_StaticEditorFlags: 0
  m_IsActive: 1
--- !u!4 &3940367326897634260
Transform:
  m_ObjectHideFlags: 0
  m_CorrespondingSourceObject: {fileID: 0}
  m_PrefabInstance: {fileID: 0}
  m_PrefabAsset: {fileID: 0}
  m_GameObject: {fileID: 8934924814673752825}
  m_LocalRotation: {x: 0, y: -0, z: -0, w: 1}
  m_LocalPosition: {x: -0, y: 0, z: 0}
  m_LocalScale: {x: 1, y: 1, z: 1}
  m_Children: []
  m_Father: {fileID: 3228746566870050117}
  m_RootOrder: 3
  m_LocalEulerAnglesHint: {x: 0, y: 0, z: 0}
--- !u!137 &299390771588988107
SkinnedMeshRenderer:
  m_ObjectHideFlags: 0
  m_CorrespondingSourceObject: {fileID: 0}
  m_PrefabInstance: {fileID: 0}
  m_PrefabAsset: {fileID: 0}
  m_GameObject: {fileID: 8934924814673752825}
  m_Enabled: 1
  m_CastShadows: 1
  m_ReceiveShadows: 1
  m_DynamicOccludee: 1
  m_MotionVectors: 1
  m_LightProbeUsage: 1
  m_ReflectionProbeUsage: 1
  m_RayTracingMode: 0
  m_RenderingLayerMask: 1
  m_RendererPriority: 0
  m_Materials:
  - {fileID: -5991907188887482076, guid: 9f26a6abc3b987e4fb544c17a94a8a8e, type: 3}
  m_StaticBatchInfo:
    firstSubMesh: 0
    subMeshCount: 0
  m_StaticBatchRoot: {fileID: 0}
  m_ProbeAnchor: {fileID: 0}
  m_LightProbeVolumeOverride: {fileID: 0}
  m_ScaleInLightmap: 1
  m_ReceiveGI: 1
  m_PreserveUVs: 0
  m_IgnoreNormalsForChartDetection: 0
  m_ImportantGI: 0
  m_StitchLightmapSeams: 1
  m_SelectedEditorRenderState: 3
  m_MinimumChartSize: 4
  m_AutoUVMaxDistance: 0.5
  m_AutoUVMaxAngle: 89
  m_LightmapParameters: {fileID: 0}
  m_SortingLayerID: 0
  m_SortingLayer: 0
  m_SortingOrder: 0
  serializedVersion: 2
  m_Quality: 0
  m_UpdateWhenOffscreen: 0
  m_SkinnedMotionVectors: 1
  m_Mesh: {fileID: 5390651540114983754, guid: 9f26a6abc3b987e4fb544c17a94a8a8e, type: 3}
  m_Bones:
  - {fileID: 317462488036996985}
  m_BlendShapeWeights: []
  m_RootBone: {fileID: 317462488036996985}
  m_AABB:
    m_Center: {x: 0, y: 0.032395005, z: 0.074816644}
    m_Extent: {x: 0.043528274, y: 0.01468742, z: 0.011320293}
  m_DirtyAABB: 0
--- !u!1 &9125420838462052690
GameObject:
  m_ObjectHideFlags: 0
  m_CorrespondingSourceObject: {fileID: 0}
  m_PrefabInstance: {fileID: 0}
  m_PrefabAsset: {fileID: 0}
  serializedVersion: 6
  m_Component:
  - component: {fileID: 1367372272064763314}
  m_Layer: 0
  m_Name: ring_02_r
  m_TagString: Untagged
  m_Icon: {fileID: 0}
  m_NavMeshLayer: 0
  m_StaticEditorFlags: 0
  m_IsActive: 1
--- !u!4 &1367372272064763314
Transform:
  m_ObjectHideFlags: 0
  m_CorrespondingSourceObject: {fileID: 0}
  m_PrefabInstance: {fileID: 0}
  m_PrefabAsset: {fileID: 0}
  m_GameObject: {fileID: 9125420838462052690}
  m_LocalRotation: {x: 0.06315833, y: 0.001122813, z: 0.03950927, w: 0.9972205}
  m_LocalPosition: {x: -0.000000009248534, y: 0.026798677, z: -0.000000016481241}
  m_LocalScale: {x: 1, y: 1, z: 1}
  m_Children:
  - {fileID: 7116597318664410068}
  m_Father: {fileID: 1143052922254024687}
  m_RootOrder: 0
  m_LocalEulerAnglesHint: {x: 0, y: 0, z: 0}
--- !u!1 &9184506897360091795
GameObject:
  m_ObjectHideFlags: 0
  m_CorrespondingSourceObject: {fileID: 0}
  m_PrefabInstance: {fileID: 0}
  m_PrefabAsset: {fileID: 0}
  serializedVersion: 6
  m_Component:
  - component: {fileID: 6002236048441186460}
  m_Layer: 0
  m_Name: clavicle_l
  m_TagString: Untagged
  m_Icon: {fileID: 0}
  m_NavMeshLayer: 0
  m_StaticEditorFlags: 0
  m_IsActive: 1
--- !u!4 &6002236048441186460
Transform:
  m_ObjectHideFlags: 0
  m_CorrespondingSourceObject: {fileID: 0}
  m_PrefabInstance: {fileID: 0}
  m_PrefabAsset: {fileID: 0}
  m_GameObject: {fileID: 9184506897360091795}
  m_LocalRotation: {x: -0.00322611, y: 0.003489061, z: 0.74678004, w: 0.66505414}
  m_LocalPosition: {x: -0.02257267, y: 0.225176, z: 0.0075346106}
  m_LocalScale: {x: 1, y: 1, z: 1}
  m_Children:
  - {fileID: 6578807298175264262}
  m_Father: {fileID: 1420059225471396290}
  m_RootOrder: 0
  m_LocalEulerAnglesHint: {x: 0, y: 0, z: 0}
