%YAML 1.1
%TAG !u! tag:unity3d.com,2011:
--- !u!1 &74749032294188487
GameObject:
  m_ObjectHideFlags: 0
  m_CorrespondingSourceObject: {fileID: 0}
  m_PrefabInstance: {fileID: 0}
  m_PrefabAsset: {fileID: 0}
  serializedVersion: 6
  m_Component:
  - component: {fileID: 4020433078232521808}
  m_Layer: 0
  m_Name: index_01_r
  m_TagString: Untagged
  m_Icon: {fileID: 0}
  m_NavMeshLayer: 0
  m_StaticEditorFlags: 0
  m_IsActive: 1
--- !u!4 &4020433078232521808
Transform:
  m_ObjectHideFlags: 0
  m_CorrespondingSourceObject: {fileID: 0}
  m_PrefabInstance: {fileID: 0}
  m_PrefabAsset: {fileID: 0}
  m_GameObject: {fileID: 74749032294188487}
  m_LocalRotation: {x: 0.11084039, y: 0.4749367, z: -0.0035455055, w: 0.87300456}
  m_LocalPosition: {x: -0.014032827, y: 0.11517892, z: 0.009865021}
  m_LocalScale: {x: 1, y: 1, z: 1}
  m_Children:
  - {fileID: 5572373112145823567}
  m_Father: {fileID: 6418747907226185080}
  m_RootOrder: 0
  m_LocalEulerAnglesHint: {x: 0, y: 0, z: 0}
--- !u!1 &358383847519561037
GameObject:
  m_ObjectHideFlags: 0
  m_CorrespondingSourceObject: {fileID: 0}
  m_PrefabInstance: {fileID: 0}
  m_PrefabAsset: {fileID: 0}
  serializedVersion: 6
  m_Component:
  - component: {fileID: 4655372038468960563}
  m_Layer: 0
  m_Name: pinky_03_l
  m_TagString: Untagged
  m_Icon: {fileID: 0}
  m_NavMeshLayer: 0
  m_StaticEditorFlags: 0
  m_IsActive: 1
--- !u!4 &4655372038468960563
Transform:
  m_ObjectHideFlags: 0
  m_CorrespondingSourceObject: {fileID: 0}
  m_PrefabInstance: {fileID: 0}
  m_PrefabAsset: {fileID: 0}
  m_GameObject: {fileID: 358383847519561037}
  m_LocalRotation: {x: -0.0066919867, y: -0.000007646141, z: 0.009519107, w: 0.99993235}
  m_LocalPosition: {x: -0.000000003971384, y: 0.017034955, z: 0.000000002431493}
  m_LocalScale: {x: 1, y: 1, z: 1}
  m_Children: []
  m_Father: {fileID: 6859762090123967720}
  m_RootOrder: 0
  m_LocalEulerAnglesHint: {x: 0, y: 0, z: 0}
--- !u!1 &410761268136190380
GameObject:
  m_ObjectHideFlags: 0
  m_CorrespondingSourceObject: {fileID: 0}
  m_PrefabInstance: {fileID: 0}
  m_PrefabAsset: {fileID: 0}
  serializedVersion: 6
  m_Component:
  - component: {fileID: 7051459064440273699}
  m_Layer: 0
  m_Name: middle_03_l
  m_TagString: Untagged
  m_Icon: {fileID: 0}
  m_NavMeshLayer: 0
  m_StaticEditorFlags: 0
  m_IsActive: 1
--- !u!4 &7051459064440273699
Transform:
  m_ObjectHideFlags: 0
  m_CorrespondingSourceObject: {fileID: 0}
  m_PrefabInstance: {fileID: 0}
  m_PrefabAsset: {fileID: 0}
  m_GameObject: {fileID: 410761268136190380}
  m_LocalRotation: {x: 0.06915024, y: -0.0000041662797, z: 0.005614282, w: 0.9975905}
  m_LocalPosition: {x: -0.000000023123999, y: 0.029991718, z: 0.000000021309155}
  m_LocalScale: {x: 1, y: 1, z: 1}
  m_Children: []
  m_Father: {fileID: 434392511860930901}
  m_RootOrder: 0
  m_LocalEulerAnglesHint: {x: 0, y: 0, z: 0}
--- !u!1 &568454687508775150
GameObject:
  m_ObjectHideFlags: 0
  m_CorrespondingSourceObject: {fileID: 0}
  m_PrefabInstance: {fileID: 0}
  m_PrefabAsset: {fileID: 0}
  serializedVersion: 6
  m_Component:
  - component: {fileID: 6646023191167557760}
  m_Layer: 0
  m_Name: pinky_02_r
  m_TagString: Untagged
  m_Icon: {fileID: 0}
  m_NavMeshLayer: 0
  m_StaticEditorFlags: 0
  m_IsActive: 1
--- !u!4 &6646023191167557760
Transform:
  m_ObjectHideFlags: 0
  m_CorrespondingSourceObject: {fileID: 0}
  m_PrefabInstance: {fileID: 0}
  m_PrefabAsset: {fileID: 0}
  m_GameObject: {fileID: 568454687508775150}
  m_LocalRotation: {x: 0.08288099, y: 0.0009291243, z: 0.021789923, w: 0.9963208}
  m_LocalPosition: {x: 1.0630838e-10, y: 0.023264509, z: -8.1623236e-11}
  m_LocalScale: {x: 1, y: 1, z: 1}
  m_Children:
  - {fileID: 8972384023203472959}
  m_Father: {fileID: 8737030211007633147}
  m_RootOrder: 0
  m_LocalEulerAnglesHint: {x: 0, y: 0, z: 0}
--- !u!1 &857287078765015191
GameObject:
  m_ObjectHideFlags: 0
  m_CorrespondingSourceObject: {fileID: 0}
  m_PrefabInstance: {fileID: 0}
  m_PrefabAsset: {fileID: 0}
  serializedVersion: 6
  m_Component:
  - component: {fileID: 8718980781420299158}
  m_Layer: 0
  m_Name: hand_l
  m_TagString: Untagged
  m_Icon: {fileID: 0}
  m_NavMeshLayer: 0
  m_StaticEditorFlags: 0
  m_IsActive: 1
--- !u!4 &8718980781420299158
Transform:
  m_ObjectHideFlags: 0
  m_CorrespondingSourceObject: {fileID: 0}
  m_PrefabInstance: {fileID: 0}
  m_PrefabAsset: {fileID: 0}
  m_GameObject: {fileID: 857287078765015191}
  m_LocalRotation: {x: 0.103051156, y: -0.42006144, z: 0.01986125, w: 0.9014069}
  m_LocalPosition: {x: 0.000000020258316, y: 0.2654805, z: 0.0000000072904904}
  m_LocalScale: {x: 1, y: 1, z: 1}
  m_Children:
  - {fileID: 7841083680188918246}
  - {fileID: 5392346809765226494}
  - {fileID: 4686263351379186580}
  - {fileID: 5547334381069157765}
  - {fileID: 1292728776128879073}
  m_Father: {fileID: 8111435529116096525}
  m_RootOrder: 0
  m_LocalEulerAnglesHint: {x: 0, y: 0, z: 0}
--- !u!1 &916259792316468121
GameObject:
  m_ObjectHideFlags: 0
  m_CorrespondingSourceObject: {fileID: 0}
  m_PrefabInstance: {fileID: 0}
  m_PrefabAsset: {fileID: 0}
  serializedVersion: 6
  m_Component:
  - component: {fileID: 6418747907226185080}
  m_Layer: 0
  m_Name: hand_r
  m_TagString: Untagged
  m_Icon: {fileID: 0}
  m_NavMeshLayer: 0
  m_StaticEditorFlags: 0
  m_IsActive: 1
--- !u!4 &6418747907226185080
Transform:
  m_ObjectHideFlags: 0
  m_CorrespondingSourceObject: {fileID: 0}
  m_PrefabInstance: {fileID: 0}
  m_PrefabAsset: {fileID: 0}
  m_GameObject: {fileID: 916259792316468121}
  m_LocalRotation: {x: 0.103051156, y: 0.42006144, z: -0.01986125, w: 0.9014069}
  m_LocalPosition: {x: -0.000000020258316, y: 0.2654805, z: 0.0000000072904904}
  m_LocalScale: {x: 1, y: 1, z: 1}
  m_Children:
  - {fileID: 4020433078232521808}
  - {fileID: 6998972372511033921}
  - {fileID: 8737030211007633147}
  - {fileID: 923821898265747674}
  - {fileID: 5883834177660908362}
  m_Father: {fileID: 245843382580473112}
  m_RootOrder: 0
  m_LocalEulerAnglesHint: {x: 0, y: 0, z: 0}
--- !u!1 &981824531494370461
GameObject:
  m_ObjectHideFlags: 0
  m_CorrespondingSourceObject: {fileID: 0}
  m_PrefabInstance: {fileID: 0}
  m_PrefabAsset: {fileID: 0}
  serializedVersion: 6
  m_Component:
  - component: {fileID: 2272092743889505170}
  m_Layer: 0
  m_Name: foot_l
  m_TagString: Untagged
  m_Icon: {fileID: 0}
  m_NavMeshLayer: 0
  m_StaticEditorFlags: 0
  m_IsActive: 1
--- !u!4 &2272092743889505170
Transform:
  m_ObjectHideFlags: 0
  m_CorrespondingSourceObject: {fileID: 0}
  m_PrefabInstance: {fileID: 0}
  m_PrefabAsset: {fileID: 0}
  m_GameObject: {fileID: 981824531494370461}
  m_LocalRotation: {x: -0.535639, y: 0.00000012133447, z: -0.000000026118798, w: 0.8444471}
  m_LocalPosition: {x: 0.0000000011183988, y: 0.43466657, z: -5.044761e-11}
  m_LocalScale: {x: 1, y: 1, z: 1}
  m_Children:
  - {fileID: 5851350373322426610}
  m_Father: {fileID: 6810964314528506073}
  m_RootOrder: 0
  m_LocalEulerAnglesHint: {x: 0, y: 0, z: 0}
--- !u!1 &1209031973656561202
GameObject:
  m_ObjectHideFlags: 0
  m_CorrespondingSourceObject: {fileID: 0}
  m_PrefabInstance: {fileID: 0}
  m_PrefabAsset: {fileID: 0}
  serializedVersion: 6
  m_Component:
  - component: {fileID: 5851350373322426610}
  m_Layer: 0
  m_Name: ball_l
  m_TagString: Untagged
  m_Icon: {fileID: 0}
  m_NavMeshLayer: 0
  m_StaticEditorFlags: 0
  m_IsActive: 1
--- !u!4 &5851350373322426610
Transform:
  m_ObjectHideFlags: 0
  m_CorrespondingSourceObject: {fileID: 0}
  m_PrefabInstance: {fileID: 0}
  m_PrefabAsset: {fileID: 0}
  m_GameObject: {fileID: 1209031973656561202}
  m_LocalRotation: {x: -0.27165806, y: -0.016644556, z: -0.010917495, w: 0.962188}
  m_LocalPosition: {x: 1.4052448e-11, y: 0.14009142, z: 0.0000000014344408}
  m_LocalScale: {x: 1, y: 1, z: 1}
  m_Children: []
  m_Father: {fileID: 2272092743889505170}
  m_RootOrder: 0
  m_LocalEulerAnglesHint: {x: 0, y: 0, z: 0}
--- !u!1 &1221552577526330614
GameObject:
  m_ObjectHideFlags: 0
  m_CorrespondingSourceObject: {fileID: 0}
  m_PrefabInstance: {fileID: 0}
  m_PrefabAsset: {fileID: 0}
  serializedVersion: 6
  m_Component:
  - component: {fileID: 3659230145235983454}
  m_Layer: 0
  m_Name: pelvis
  m_TagString: Untagged
  m_Icon: {fileID: 0}
  m_NavMeshLayer: 0
  m_StaticEditorFlags: 0
  m_IsActive: 1
--- !u!4 &3659230145235983454
Transform:
  m_ObjectHideFlags: 0
  m_CorrespondingSourceObject: {fileID: 0}
  m_PrefabInstance: {fileID: 0}
  m_PrefabAsset: {fileID: 0}
  m_GameObject: {fileID: 1221552577526330614}
  m_LocalRotation: {x: 0.61139417, y: -0.3552424, z: -0.61139417, w: -0.3552424}
  m_LocalPosition: {x: -0.90026945, y: 0.041547146, z: 2.3283063e-11}
  m_LocalScale: {x: 1, y: 1, z: 1}
  m_Children:
  - {fileID: 2507789679125693378}
  - {fileID: 3207522257802668263}
  - {fileID: 1707269637256555515}
  m_Father: {fileID: 8041118541000846239}
  m_RootOrder: 0
  m_LocalEulerAnglesHint: {x: 0, y: 0, z: 0}
--- !u!1 &1674249772975814103
GameObject:
  m_ObjectHideFlags: 0
  m_CorrespondingSourceObject: {fileID: 0}
  m_PrefabInstance: {fileID: 0}
  m_PrefabAsset: {fileID: 0}
  serializedVersion: 6
  m_Component:
  - component: {fileID: 5883834177660908362}
  m_Layer: 0
  m_Name: thumb_01_r
  m_TagString: Untagged
  m_Icon: {fileID: 0}
  m_NavMeshLayer: 0
  m_StaticEditorFlags: 0
  m_IsActive: 1
--- !u!4 &5883834177660908362
Transform:
  m_ObjectHideFlags: 0
  m_CorrespondingSourceObject: {fileID: 0}
  m_PrefabInstance: {fileID: 0}
  m_PrefabAsset: {fileID: 0}
  m_GameObject: {fileID: 1674249772975814103}
  m_LocalRotation: {x: 0.27390248, y: 0.72467643, z: 0.43770832, w: 0.45632547}
  m_LocalPosition: {x: -0.015765449, y: 0.043583244, z: 0.01595791}
  m_LocalScale: {x: 1, y: 1, z: 1}
  m_Children:
  - {fileID: 1451470926529843274}
  m_Father: {fileID: 6418747907226185080}
  m_RootOrder: 4
  m_LocalEulerAnglesHint: {x: 0, y: 0, z: 0}
--- !u!1 &1762282470270392905
GameObject:
  m_ObjectHideFlags: 0
  m_CorrespondingSourceObject: {fileID: 0}
  m_PrefabInstance: {fileID: 0}
  m_PrefabAsset: {fileID: 0}
  serializedVersion: 6
  m_Component:
  - component: {fileID: 3831534699329910287}
  m_Layer: 0
  m_Name: index_03_r
  m_TagString: Untagged
  m_Icon: {fileID: 0}
  m_NavMeshLayer: 0
  m_StaticEditorFlags: 0
  m_IsActive: 1
--- !u!4 &3831534699329910287
Transform:
  m_ObjectHideFlags: 0
  m_CorrespondingSourceObject: {fileID: 0}
  m_PrefabInstance: {fileID: 0}
  m_PrefabAsset: {fileID: 0}
  m_GameObject: {fileID: 1762282470270392905}
  m_LocalRotation: {x: 0.061343025, y: 0.00007523315, z: 0.017443959, w: 0.9979643}
  m_LocalPosition: {x: -0.000000024156163, y: 0.025334768, z: -0.000000026366187}
  m_LocalScale: {x: 1, y: 1, z: 1}
  m_Children: []
  m_Father: {fileID: 5572373112145823567}
  m_RootOrder: 0
  m_LocalEulerAnglesHint: {x: 0, y: 0, z: 0}
--- !u!1 &1874579083261090444
GameObject:
  m_ObjectHideFlags: 0
  m_CorrespondingSourceObject: {fileID: 0}
  m_PrefabInstance: {fileID: 0}
  m_PrefabAsset: {fileID: 0}
  serializedVersion: 6
  m_Component:
  - component: {fileID: 7047526499230575841}
  m_Layer: 0
  m_Name: ring_03_r
  m_TagString: Untagged
  m_Icon: {fileID: 0}
  m_NavMeshLayer: 0
  m_StaticEditorFlags: 0
  m_IsActive: 1
--- !u!4 &7047526499230575841
Transform:
  m_ObjectHideFlags: 0
  m_CorrespondingSourceObject: {fileID: 0}
  m_PrefabInstance: {fileID: 0}
  m_PrefabAsset: {fileID: 0}
  m_GameObject: {fileID: 1874579083261090444}
  m_LocalRotation: {x: 0.067259744, y: -0.000063359395, z: -0.027425282, w: 0.9973585}
  m_LocalPosition: {x: -0.000000009719797, y: 0.02711795, z: -0.000000009735654}
  m_LocalScale: {x: 1, y: 1, z: 1}
  m_Children: []
  m_Father: {fileID: 1294506006005721735}
  m_RootOrder: 0
  m_LocalEulerAnglesHint: {x: 0, y: 0, z: 0}
--- !u!1 &2048742755050286861
GameObject:
  m_ObjectHideFlags: 0
  m_CorrespondingSourceObject: {fileID: 0}
  m_PrefabInstance: {fileID: 0}
  m_PrefabAsset: {fileID: 0}
  serializedVersion: 6
  m_Component:
  - component: {fileID: 6859762090123967720}
  m_Layer: 0
  m_Name: pinky_02_l
  m_TagString: Untagged
  m_Icon: {fileID: 0}
  m_NavMeshLayer: 0
  m_StaticEditorFlags: 0
  m_IsActive: 1
--- !u!4 &6859762090123967720
Transform:
  m_ObjectHideFlags: 0
  m_CorrespondingSourceObject: {fileID: 0}
  m_PrefabInstance: {fileID: 0}
  m_PrefabAsset: {fileID: 0}
  m_GameObject: {fileID: 2048742755050286861}
  m_LocalRotation: {x: 0.08288099, y: -0.0009291243, z: -0.021789923, w: 0.9963208}
  m_LocalPosition: {x: -1.0630838e-10, y: 0.023264509, z: -8.1623236e-11}
  m_LocalScale: {x: 1, y: 1, z: 1}
  m_Children:
  - {fileID: 4655372038468960563}
  m_Father: {fileID: 4686263351379186580}
  m_RootOrder: 0
  m_LocalEulerAnglesHint: {x: 0, y: 0, z: 0}
--- !u!1 &2181142247104205869
GameObject:
  m_ObjectHideFlags: 0
  m_CorrespondingSourceObject: {fileID: 0}
  m_PrefabInstance: {fileID: 0}
  m_PrefabAsset: {fileID: 0}
  serializedVersion: 6
  m_Component:
  - component: {fileID: 5547334381069157765}
  m_Layer: 0
  m_Name: ring_01_l
  m_TagString: Untagged
  m_Icon: {fileID: 0}
  m_NavMeshLayer: 0
  m_StaticEditorFlags: 0
  m_IsActive: 1
--- !u!4 &5547334381069157765
Transform:
  m_ObjectHideFlags: 0
  m_CorrespondingSourceObject: {fileID: 0}
  m_PrefabInstance: {fileID: 0}
  m_PrefabAsset: {fileID: 0}
  m_GameObject: {fileID: 2181142247104205869}
  m_LocalRotation: {x: 0.053880125, y: -0.3813466, z: 0.23259987, w: 0.89306724}
  m_LocalPosition: {x: -0.018625757, y: 0.10282424, z: -0.026557473}
  m_LocalScale: {x: 1, y: 1, z: 1}
  m_Children:
  - {fileID: 7910871191378176878}
  m_Father: {fileID: 8718980781420299158}
  m_RootOrder: 3
  m_LocalEulerAnglesHint: {x: 0, y: 0, z: 0}
--- !u!1 &2541244433130368879
GameObject:
  m_ObjectHideFlags: 0
  m_CorrespondingSourceObject: {fileID: 0}
  m_PrefabInstance: {fileID: 0}
  m_PrefabAsset: {fileID: 0}
  serializedVersion: 6
  m_Component:
  - component: {fileID: 8095188152642569806}
  m_Layer: 0
  m_Name: neck_01
  m_TagString: Untagged
  m_Icon: {fileID: 0}
  m_NavMeshLayer: 0
  m_StaticEditorFlags: 0
  m_IsActive: 1
--- !u!4 &8095188152642569806
Transform:
  m_ObjectHideFlags: 0
  m_CorrespondingSourceObject: {fileID: 0}
  m_PrefabInstance: {fileID: 0}
  m_PrefabAsset: {fileID: 0}
  m_GameObject: {fileID: 2541244433130368879}
  m_LocalRotation: {x: 0.35457766, y: 0.0000000035712255, z: 0.0000000014481676, w: 0.9350266}
  m_LocalPosition: {x: -4.252283e-11, y: 0.30613393, z: 0.13176085}
  m_LocalScale: {x: 1, y: 1, z: 1}
  m_Children:
  - {fileID: 534021801475557452}
  m_Father: {fileID: 1205825450690615031}
  m_RootOrder: 2
  m_LocalEulerAnglesHint: {x: 0, y: 0, z: 0}
--- !u!1 &2633476331929223370
GameObject:
  m_ObjectHideFlags: 0
  m_CorrespondingSourceObject: {fileID: 0}
  m_PrefabInstance: {fileID: 0}
  m_PrefabAsset: {fileID: 0}
  serializedVersion: 6
  m_Component:
  - component: {fileID: 3440798948883307120}
  - component: {fileID: 4624696181568754231}
  m_Layer: 0
  m_Name: Male_L_jacket+shirt
  m_TagString: Untagged
  m_Icon: {fileID: 0}
  m_NavMeshLayer: 0
  m_StaticEditorFlags: 0
  m_IsActive: 1
--- !u!4 &3440798948883307120
Transform:
  m_ObjectHideFlags: 0
  m_CorrespondingSourceObject: {fileID: 0}
  m_PrefabInstance: {fileID: 0}
  m_PrefabAsset: {fileID: 0}
  m_GameObject: {fileID: 2633476331929223370}
  m_LocalRotation: {x: 0, y: 0, z: 0, w: 1}
  m_LocalPosition: {x: 0, y: 0, z: 0}
  m_LocalScale: {x: 1, y: 1, z: 1}
  m_Children:
  - {fileID: 833864669876127837}
  - {fileID: 6635390055711161360}
  - {fileID: 3864120058426868961}
  - {fileID: 3900727856852604155}
  m_Father: {fileID: 0}
  m_RootOrder: 0
  m_LocalEulerAnglesHint: {x: 0, y: 0, z: 0}
--- !u!114 &4624696181568754231
MonoBehaviour:
  m_ObjectHideFlags: 0
  m_CorrespondingSourceObject: {fileID: 0}
  m_PrefabInstance: {fileID: 0}
  m_PrefabAsset: {fileID: 0}
  m_GameObject: {fileID: 2633476331929223370}
  m_Enabled: 1
  m_EditorHideFlags: 0
  m_Script: {fileID: 11500000, guid: 522f3676200523f46ad23128b28e4c9e, type: 3}
  m_Name: 
  m_EditorClassIdentifier: 
  id: 0
  category: 80
  bodyType: 0
  thumbnail: {fileID: 0}
  skeleton: {fileID: 0}
  bodyMeshes: []
  outfitMeshes: []
--- !u!1 &2726713711021728188
GameObject:
  m_ObjectHideFlags: 0
  m_CorrespondingSourceObject: {fileID: 0}
  m_PrefabInstance: {fileID: 0}
  m_PrefabAsset: {fileID: 0}
  serializedVersion: 6
  m_Component:
  - component: {fileID: 923821898265747674}
  m_Layer: 0
  m_Name: ring_01_r
  m_TagString: Untagged
  m_Icon: {fileID: 0}
  m_NavMeshLayer: 0
  m_StaticEditorFlags: 0
  m_IsActive: 1
--- !u!4 &923821898265747674
Transform:
  m_ObjectHideFlags: 0
  m_CorrespondingSourceObject: {fileID: 0}
  m_PrefabInstance: {fileID: 0}
  m_PrefabAsset: {fileID: 0}
  m_GameObject: {fileID: 2726713711021728188}
  m_LocalRotation: {x: 0.053880125, y: 0.3813466, z: -0.23259987, w: 0.89306724}
  m_LocalPosition: {x: 0.018625757, y: 0.10282424, z: -0.026557473}
  m_LocalScale: {x: 1, y: 1, z: 1}
  m_Children:
  - {fileID: 1294506006005721735}
  m_Father: {fileID: 6418747907226185080}
  m_RootOrder: 3
  m_LocalEulerAnglesHint: {x: 0, y: 0, z: 0}
--- !u!1 &2967511609172630553
GameObject:
  m_ObjectHideFlags: 0
  m_CorrespondingSourceObject: {fileID: 0}
  m_PrefabInstance: {fileID: 0}
  m_PrefabAsset: {fileID: 0}
  serializedVersion: 6
  m_Component:
  - component: {fileID: 2422523300301366842}
  m_Layer: 0
  m_Name: ball_r
  m_TagString: Untagged
  m_Icon: {fileID: 0}
  m_NavMeshLayer: 0
  m_StaticEditorFlags: 0
  m_IsActive: 1
--- !u!4 &2422523300301366842
Transform:
  m_ObjectHideFlags: 0
  m_CorrespondingSourceObject: {fileID: 0}
  m_PrefabInstance: {fileID: 0}
  m_PrefabAsset: {fileID: 0}
  m_GameObject: {fileID: 2967511609172630553}
  m_LocalRotation: {x: -0.27165806, y: 0.016644556, z: 0.010917495, w: 0.962188}
  m_LocalPosition: {x: -1.4052448e-11, y: 0.14009142, z: 0.0000000014344408}
  m_LocalScale: {x: 1, y: 1, z: 1}
  m_Children: []
  m_Father: {fileID: 3015084516091363852}
  m_RootOrder: 0
  m_LocalEulerAnglesHint: {x: 0, y: 0, z: 0}
--- !u!1 &3305801430460786873
GameObject:
  m_ObjectHideFlags: 0
  m_CorrespondingSourceObject: {fileID: 0}
  m_PrefabInstance: {fileID: 0}
  m_PrefabAsset: {fileID: 0}
  serializedVersion: 6
  m_Component:
  - component: {fileID: 3900727856852604155}
  - component: {fileID: 1018127488525756041}
  m_Layer: 0
  m_Name: male_l_jacket+shirtMesh
  m_TagString: Untagged
  m_Icon: {fileID: 0}
  m_NavMeshLayer: 0
  m_StaticEditorFlags: 0
  m_IsActive: 1
--- !u!4 &3900727856852604155
Transform:
  m_ObjectHideFlags: 0
  m_CorrespondingSourceObject: {fileID: 0}
  m_PrefabInstance: {fileID: 0}
  m_PrefabAsset: {fileID: 0}
  m_GameObject: {fileID: 3305801430460786873}
  m_LocalRotation: {x: 0, y: -0, z: -0, w: 1}
  m_LocalPosition: {x: -0, y: 0, z: 0}
  m_LocalScale: {x: 1, y: 1, z: 1}
  m_Children: []
  m_Father: {fileID: 3440798948883307120}
  m_RootOrder: 3
  m_LocalEulerAnglesHint: {x: 0, y: 0, z: 0}
--- !u!137 &1018127488525756041
SkinnedMeshRenderer:
  m_ObjectHideFlags: 0
  m_CorrespondingSourceObject: {fileID: 0}
  m_PrefabInstance: {fileID: 0}
  m_PrefabAsset: {fileID: 0}
  m_GameObject: {fileID: 3305801430460786873}
  m_Enabled: 1
  m_CastShadows: 1
  m_ReceiveShadows: 1
  m_DynamicOccludee: 1
  m_MotionVectors: 1
  m_LightProbeUsage: 1
  m_ReflectionProbeUsage: 1
  m_RayTracingMode: 0
  m_RenderingLayerMask: 1
  m_RendererPriority: 0
  m_Materials:
  - {fileID: 6003565855601696547, guid: 26a38b60af496a249b9687c6a685eaf1, type: 3}
  m_StaticBatchInfo:
    firstSubMesh: 0
    subMeshCount: 0
  m_StaticBatchRoot: {fileID: 0}
  m_ProbeAnchor: {fileID: 0}
  m_LightProbeVolumeOverride: {fileID: 0}
  m_ScaleInLightmap: 1
  m_ReceiveGI: 1
  m_PreserveUVs: 0
  m_IgnoreNormalsForChartDetection: 0
  m_ImportantGI: 0
  m_StitchLightmapSeams: 1
  m_SelectedEditorRenderState: 3
  m_MinimumChartSize: 4
  m_AutoUVMaxDistance: 0.5
  m_AutoUVMaxAngle: 89
  m_LightmapParameters: {fileID: 0}
  m_SortingLayerID: 0
  m_SortingLayer: 0
  m_SortingOrder: 0
  serializedVersion: 2
  m_Quality: 0
  m_UpdateWhenOffscreen: 0
  m_SkinnedMotionVectors: 1
  m_Mesh: {fileID: -642401804904231503, guid: 26a38b60af496a249b9687c6a685eaf1, type: 3}
  m_Bones:
  - {fileID: 3659230145235983454}
  - {fileID: 2507789679125693378}
  - {fileID: 3207522257802668263}
  - {fileID: 1707269637256555515}
  - {fileID: 6810964314528506073}
  - {fileID: 543674949471723034}
  - {fileID: 1205825450690615031}
  - {fileID: 2272092743889505170}
  - {fileID: 3015084516091363852}
  - {fileID: 5783425038197106601}
  - {fileID: 2984989818439025547}
  - {fileID: 8095188152642569806}
  - {fileID: 5851350373322426610}
  - {fileID: 2422523300301366842}
  - {fileID: 6359784081110915379}
  - {fileID: 4238509684468793573}
  - {fileID: 534021801475557452}
  - {fileID: 8111435529116096525}
  - {fileID: 245843382580473112}
  - {fileID: 8718980781420299158}
  - {fileID: 6418747907226185080}
  - {fileID: 7841083680188918246}
  - {fileID: 5392346809765226494}
  - {fileID: 4686263351379186580}
  - {fileID: 5547334381069157765}
  - {fileID: 1292728776128879073}
  - {fileID: 4020433078232521808}
  - {fileID: 6998972372511033921}
  - {fileID: 8737030211007633147}
  - {fileID: 923821898265747674}
  - {fileID: 5883834177660908362}
  - {fileID: 3803318195709048984}
  - {fileID: 434392511860930901}
  - {fileID: 6859762090123967720}
  - {fileID: 7910871191378176878}
  - {fileID: 6659209867634661595}
  - {fileID: 5572373112145823567}
  - {fileID: 3624852268892657542}
  - {fileID: 6646023191167557760}
  - {fileID: 1294506006005721735}
  - {fileID: 1451470926529843274}
  - {fileID: 6453147322111928122}
  - {fileID: 7051459064440273699}
  - {fileID: 4655372038468960563}
  - {fileID: 3621554788287133803}
  - {fileID: 5375274027317137545}
  - {fileID: 3831534699329910287}
  - {fileID: 1632431906603056335}
  - {fileID: 8972384023203472959}
  - {fileID: 7047526499230575841}
  - {fileID: 8122253969092769052}
  m_BlendShapeWeights: []
  m_RootBone: {fileID: 3659230145235983454}
  m_AABB:
    m_Center: {x: 0, y: -0.0866819, z: -0.02463904}
    m_Extent: {x: 0.5776912, y: 0.83472127, z: 0.5585402}
  m_DirtyAABB: 0
--- !u!1 &3521377361836488875
GameObject:
  m_ObjectHideFlags: 0
  m_CorrespondingSourceObject: {fileID: 0}
  m_PrefabInstance: {fileID: 0}
  m_PrefabAsset: {fileID: 0}
  serializedVersion: 6
  m_Component:
  - component: {fileID: 1707269637256555515}
  m_Layer: 0
  m_Name: thigh_r
  m_TagString: Untagged
  m_Icon: {fileID: 0}
  m_NavMeshLayer: 0
  m_StaticEditorFlags: 0
  m_IsActive: 1
--- !u!4 &1707269637256555515
Transform:
  m_ObjectHideFlags: 0
  m_CorrespondingSourceObject: {fileID: 0}
  m_PrefabInstance: {fileID: 0}
  m_PrefabAsset: {fileID: 0}
  m_GameObject: {fileID: 3521377361836488875}
  m_LocalRotation: {x: 0.9501039, y: 0.110155426, z: -0.20010068, w: -0.21243401}
  m_LocalPosition: {x: 0.102221236, y: -0.0051928903, z: -0.0117167365}
  m_LocalScale: {x: 1, y: 1, z: 1}
  m_Children:
  - {fileID: 543674949471723034}
  m_Father: {fileID: 3659230145235983454}
  m_RootOrder: 2
  m_LocalEulerAnglesHint: {x: 0, y: 0, z: 0}
--- !u!1 &3653445355748074137
GameObject:
  m_ObjectHideFlags: 0
  m_CorrespondingSourceObject: {fileID: 0}
  m_PrefabInstance: {fileID: 0}
  m_PrefabAsset: {fileID: 0}
  serializedVersion: 6
  m_Component:
  - component: {fileID: 8041118541000846239}
  m_Layer: 0
  m_Name: Root
  m_TagString: Untagged
  m_Icon: {fileID: 0}
  m_NavMeshLayer: 0
  m_StaticEditorFlags: 0
  m_IsActive: 1
--- !u!4 &8041118541000846239
Transform:
  m_ObjectHideFlags: 0
  m_CorrespondingSourceObject: {fileID: 0}
  m_PrefabInstance: {fileID: 0}
  m_PrefabAsset: {fileID: 0}
  m_GameObject: {fileID: 3653445355748074137}
  m_LocalRotation: {x: 0.5, y: -0.5, z: -0.5, w: 0.5}
  m_LocalPosition: {x: -0, y: 0, z: -0.026579998}
  m_LocalScale: {x: 1, y: 1, z: 1}
  m_Children:
  - {fileID: 3659230145235983454}
  m_Father: {fileID: 6635390055711161360}
  m_RootOrder: 0
  m_LocalEulerAnglesHint: {x: 0, y: 0, z: 0}
--- !u!1 &3699593216249899831
GameObject:
  m_ObjectHideFlags: 0
  m_CorrespondingSourceObject: {fileID: 0}
  m_PrefabInstance: {fileID: 0}
  m_PrefabAsset: {fileID: 0}
  serializedVersion: 6
  m_Component:
  - component: {fileID: 534021801475557452}
  m_Layer: 0
  m_Name: head
  m_TagString: Untagged
  m_Icon: {fileID: 0}
  m_NavMeshLayer: 0
  m_StaticEditorFlags: 0
  m_IsActive: 1
--- !u!4 &534021801475557452
Transform:
  m_ObjectHideFlags: 0
  m_CorrespondingSourceObject: {fileID: 0}
  m_PrefabInstance: {fileID: 0}
  m_PrefabAsset: {fileID: 0}
  m_GameObject: {fileID: 3699593216249899831}
  m_LocalRotation: {x: -0.19866513, y: -0.0000000036094987, z: -5.8248323e-10, w: 0.98006743}
  m_LocalPosition: {x: -4.843464e-18, y: 0.102700025, z: 6.559157e-10}
  m_LocalScale: {x: 1, y: 1, z: 1}
  m_Children: []
  m_Father: {fileID: 8095188152642569806}
  m_RootOrder: 0
  m_LocalEulerAnglesHint: {x: 0, y: 0, z: 0}
--- !u!1 &3821011391255329355
GameObject:
  m_ObjectHideFlags: 0
  m_CorrespondingSourceObject: {fileID: 0}
  m_PrefabInstance: {fileID: 0}
  m_PrefabAsset: {fileID: 0}
  serializedVersion: 6
  m_Component:
  - component: {fileID: 4238509684468793573}
  m_Layer: 0
  m_Name: upperarm_r
  m_TagString: Untagged
  m_Icon: {fileID: 0}
  m_NavMeshLayer: 0
  m_StaticEditorFlags: 0
  m_IsActive: 1
--- !u!4 &4238509684468793573
Transform:
  m_ObjectHideFlags: 0
  m_CorrespondingSourceObject: {fileID: 0}
  m_PrefabInstance: {fileID: 0}
  m_PrefabAsset: {fileID: 0}
  m_GameObject: {fileID: 3821011391255329355}
  m_LocalRotation: {x: -0.021611014, y: 0.020734865, z: -0.32853776, w: 0.94401586}
  m_LocalPosition: {x: -8.965301e-10, y: 0.1660404, z: 8.309926e-11}
  m_LocalScale: {x: 1, y: 1, z: 1}
  m_Children:
  - {fileID: 245843382580473112}
  m_Father: {fileID: 2984989818439025547}
  m_RootOrder: 0
  m_LocalEulerAnglesHint: {x: 0, y: 0, z: 0}
--- !u!1 &3990734983930508764
GameObject:
  m_ObjectHideFlags: 0
  m_CorrespondingSourceObject: {fileID: 0}
  m_PrefabInstance: {fileID: 0}
  m_PrefabAsset: {fileID: 0}
  serializedVersion: 6
  m_Component:
  - component: {fileID: 4686263351379186580}
  m_Layer: 0
  m_Name: pinky_01_l
  m_TagString: Untagged
  m_Icon: {fileID: 0}
  m_NavMeshLayer: 0
  m_StaticEditorFlags: 0
  m_IsActive: 1
--- !u!4 &4686263351379186580
Transform:
  m_ObjectHideFlags: 0
  m_CorrespondingSourceObject: {fileID: 0}
  m_PrefabInstance: {fileID: 0}
  m_PrefabAsset: {fileID: 0}
  m_GameObject: {fileID: 3990734983930508764}
  m_LocalRotation: {x: 0.048167106, y: -0.2855827, z: 0.30184084, w: 0.90830314}
  m_LocalPosition: {x: -0.03696561, y: 0.090667106, z: -0.03469686}
  m_LocalScale: {x: 1, y: 1, z: 1}
  m_Children:
  - {fileID: 6859762090123967720}
  m_Father: {fileID: 8718980781420299158}
  m_RootOrder: 2
  m_LocalEulerAnglesHint: {x: 0, y: 0, z: 0}
--- !u!1 &4004692726310839267
GameObject:
  m_ObjectHideFlags: 0
  m_CorrespondingSourceObject: {fileID: 0}
  m_PrefabInstance: {fileID: 0}
  m_PrefabAsset: {fileID: 0}
  serializedVersion: 6
  m_Component:
  - component: {fileID: 1292728776128879073}
  m_Layer: 0
  m_Name: thumb_01_l
  m_TagString: Untagged
  m_Icon: {fileID: 0}
  m_NavMeshLayer: 0
  m_StaticEditorFlags: 0
  m_IsActive: 1
--- !u!4 &1292728776128879073
Transform:
  m_ObjectHideFlags: 0
  m_CorrespondingSourceObject: {fileID: 0}
  m_PrefabInstance: {fileID: 0}
  m_PrefabAsset: {fileID: 0}
  m_GameObject: {fileID: 4004692726310839267}
  m_LocalRotation: {x: -0.27390248, y: 0.72467643, z: 0.43770832, w: -0.45632547}
  m_LocalPosition: {x: 0.015765449, y: 0.043583244, z: 0.01595791}
  m_LocalScale: {x: 1, y: 1, z: 1}
  m_Children:
  - {fileID: 6659209867634661595}
  m_Father: {fileID: 8718980781420299158}
  m_RootOrder: 4
  m_LocalEulerAnglesHint: {x: 0, y: 0, z: 0}
--- !u!1 &4219014111134073693
GameObject:
  m_ObjectHideFlags: 0
  m_CorrespondingSourceObject: {fileID: 0}
  m_PrefabInstance: {fileID: 0}
  m_PrefabAsset: {fileID: 0}
  serializedVersion: 6
  m_Component:
  - component: {fileID: 6359784081110915379}
  m_Layer: 0
  m_Name: upperarm_l
  m_TagString: Untagged
  m_Icon: {fileID: 0}
  m_NavMeshLayer: 0
  m_StaticEditorFlags: 0
  m_IsActive: 1
--- !u!4 &6359784081110915379
Transform:
  m_ObjectHideFlags: 0
  m_CorrespondingSourceObject: {fileID: 0}
  m_PrefabInstance: {fileID: 0}
  m_PrefabAsset: {fileID: 0}
  m_GameObject: {fileID: 4219014111134073693}
  m_LocalRotation: {x: -0.021611014, y: -0.020734865, z: 0.32853776, w: 0.94401586}
  m_LocalPosition: {x: 8.965301e-10, y: 0.1660404, z: 8.309926e-11}
  m_LocalScale: {x: 1, y: 1, z: 1}
  m_Children:
  - {fileID: 8111435529116096525}
  m_Father: {fileID: 5783425038197106601}
  m_RootOrder: 0
  m_LocalEulerAnglesHint: {x: 0, y: 0, z: 0}
--- !u!1 &4224742528685136466
GameObject:
  m_ObjectHideFlags: 0
  m_CorrespondingSourceObject: {fileID: 0}
  m_PrefabInstance: {fileID: 0}
  m_PrefabAsset: {fileID: 0}
  serializedVersion: 6
  m_Component:
  - component: {fileID: 3015084516091363852}
  m_Layer: 0
  m_Name: foot_r
  m_TagString: Untagged
  m_Icon: {fileID: 0}
  m_NavMeshLayer: 0
  m_StaticEditorFlags: 0
  m_IsActive: 1
--- !u!4 &3015084516091363852
Transform:
  m_ObjectHideFlags: 0
  m_CorrespondingSourceObject: {fileID: 0}
  m_PrefabInstance: {fileID: 0}
  m_PrefabAsset: {fileID: 0}
  m_GameObject: {fileID: 4224742528685136466}
  m_LocalRotation: {x: -0.535639, y: -0.00000012133447, z: 0.000000026118798, w: 0.8444471}
  m_LocalPosition: {x: -0.0000000011183988, y: 0.43466657, z: -5.044761e-11}
  m_LocalScale: {x: 1, y: 1, z: 1}
  m_Children:
  - {fileID: 2422523300301366842}
  m_Father: {fileID: 543674949471723034}
  m_RootOrder: 0
  m_LocalEulerAnglesHint: {x: 0, y: 0, z: 0}
--- !u!1 &4818747737994408218
GameObject:
  m_ObjectHideFlags: 0
  m_CorrespondingSourceObject: {fileID: 0}
  m_PrefabInstance: {fileID: 0}
  m_PrefabAsset: {fileID: 0}
  serializedVersion: 6
  m_Component:
  - component: {fileID: 5392346809765226494}
  m_Layer: 0
  m_Name: middle_01_l
  m_TagString: Untagged
  m_Icon: {fileID: 0}
  m_NavMeshLayer: 0
  m_StaticEditorFlags: 0
  m_IsActive: 1
--- !u!4 &5392346809765226494
Transform:
  m_ObjectHideFlags: 0
  m_CorrespondingSourceObject: {fileID: 0}
  m_PrefabInstance: {fileID: 0}
  m_PrefabAsset: {fileID: 0}
  m_GameObject: {fileID: 4818747737994408218}
  m_LocalRotation: {x: 0.09953353, y: -0.4067917, z: 0.15380457, w: 0.89496243}
  m_LocalPosition: {x: -0.0034875786, y: 0.111382455, z: -0.012779399}
  m_LocalScale: {x: 1, y: 1, z: 1}
  m_Children:
  - {fileID: 434392511860930901}
  m_Father: {fileID: 8718980781420299158}
  m_RootOrder: 1
  m_LocalEulerAnglesHint: {x: 0, y: 0, z: 0}
--- !u!1 &4886048803673017837
GameObject:
  m_ObjectHideFlags: 0
  m_CorrespondingSourceObject: {fileID: 0}
  m_PrefabInstance: {fileID: 0}
  m_PrefabAsset: {fileID: 0}
  serializedVersion: 6
  m_Component:
  - component: {fileID: 2507789679125693378}
  m_Layer: 0
  m_Name: spine_01
  m_TagString: Untagged
  m_Icon: {fileID: 0}
  m_NavMeshLayer: 0
  m_StaticEditorFlags: 0
  m_IsActive: 1
--- !u!4 &2507789679125693378
Transform:
  m_ObjectHideFlags: 0
  m_CorrespondingSourceObject: {fileID: 0}
  m_PrefabInstance: {fileID: 0}
  m_PrefabAsset: {fileID: 0}
  m_GameObject: {fileID: 4886048803673017837}
  m_LocalRotation: {x: 0.39413056, y: 3.6170667e-11, z: -8.434469e-11, w: 0.9190545}
  m_LocalPosition: {x: -4.3992687e-18, y: 0.092944905, z: 0.000000010561763}
  m_LocalScale: {x: 1, y: 1, z: 1}
  m_Children:
  - {fileID: 6835436011670835044}
  m_Father: {fileID: 3659230145235983454}
  m_RootOrder: 0
  m_LocalEulerAnglesHint: {x: 0, y: 0, z: 0}
--- !u!1 &4898245416131028646
GameObject:
  m_ObjectHideFlags: 0
  m_CorrespondingSourceObject: {fileID: 0}
  m_PrefabInstance: {fileID: 0}
  m_PrefabAsset: {fileID: 0}
  serializedVersion: 6
  m_Component:
  - component: {fileID: 8122253969092769052}
  m_Layer: 0
  m_Name: thumb_03_r
  m_TagString: Untagged
  m_Icon: {fileID: 0}
  m_NavMeshLayer: 0
  m_StaticEditorFlags: 0
  m_IsActive: 1
--- !u!4 &8122253969092769052
Transform:
  m_ObjectHideFlags: 0
  m_CorrespondingSourceObject: {fileID: 0}
  m_PrefabInstance: {fileID: 0}
  m_PrefabAsset: {fileID: 0}
  m_GameObject: {fileID: 4898245416131028646}
  m_LocalRotation: {x: 0.14579111, y: -0.004801501, z: -0.032563988, w: 0.9887677}
  m_LocalPosition: {x: 3.585696e-10, y: 0.039785866, z: 2.8474056e-10}
  m_LocalScale: {x: 1, y: 1, z: 1}
  m_Children: []
  m_Father: {fileID: 1451470926529843274}
  m_RootOrder: 0
  m_LocalEulerAnglesHint: {x: 0, y: 0, z: 0}
--- !u!1 &5038573334795100278
GameObject:
  m_ObjectHideFlags: 0
  m_CorrespondingSourceObject: {fileID: 0}
  m_PrefabInstance: {fileID: 0}
  m_PrefabAsset: {fileID: 0}
  serializedVersion: 6
  m_Component:
  - component: {fileID: 6453147322111928122}
  m_Layer: 0
  m_Name: index_03_l
  m_TagString: Untagged
  m_Icon: {fileID: 0}
  m_NavMeshLayer: 0
  m_StaticEditorFlags: 0
  m_IsActive: 1
--- !u!4 &6453147322111928122
Transform:
  m_ObjectHideFlags: 0
  m_CorrespondingSourceObject: {fileID: 0}
  m_PrefabInstance: {fileID: 0}
  m_PrefabAsset: {fileID: 0}
  m_GameObject: {fileID: 5038573334795100278}
  m_LocalRotation: {x: 0.061343025, y: -0.00007523315, z: -0.017443959, w: 0.9979643}
  m_LocalPosition: {x: 0.000000024156163, y: 0.025334768, z: -0.000000026366187}
  m_LocalScale: {x: 1, y: 1, z: 1}
  m_Children: []
  m_Father: {fileID: 3803318195709048984}
  m_RootOrder: 0
  m_LocalEulerAnglesHint: {x: 0, y: 0, z: 0}
--- !u!1 &5119334987772508097
GameObject:
  m_ObjectHideFlags: 0
  m_CorrespondingSourceObject: {fileID: 0}
  m_PrefabInstance: {fileID: 0}
  m_PrefabAsset: {fileID: 0}
  serializedVersion: 6
  m_Component:
  - component: {fileID: 3624852268892657542}
  m_Layer: 0
  m_Name: middle_02_r
  m_TagString: Untagged
  m_Icon: {fileID: 0}
  m_NavMeshLayer: 0
  m_StaticEditorFlags: 0
  m_IsActive: 1
--- !u!4 &3624852268892657542
Transform:
  m_ObjectHideFlags: 0
  m_CorrespondingSourceObject: {fileID: 0}
  m_PrefabInstance: {fileID: 0}
  m_PrefabAsset: {fileID: 0}
  m_GameObject: {fileID: 5119334987772508097}
  m_LocalRotation: {x: 0.045423426, y: 0.0014432148, z: 0.037282247, w: 0.99827087}
  m_LocalPosition: {x: -2.948062e-10, y: 0.036844406, z: 1.4058141e-10}
  m_LocalScale: {x: 1, y: 1, z: 1}
  m_Children:
  - {fileID: 1632431906603056335}
  m_Father: {fileID: 6998972372511033921}
  m_RootOrder: 0
  m_LocalEulerAnglesHint: {x: 0, y: 0, z: 0}
--- !u!1 &5162123419751265491
GameObject:
  m_ObjectHideFlags: 0
  m_CorrespondingSourceObject: {fileID: 0}
  m_PrefabInstance: {fileID: 0}
  m_PrefabAsset: {fileID: 0}
  serializedVersion: 6
  m_Component:
  - component: {fileID: 2984989818439025547}
  m_Layer: 0
  m_Name: clavicle_r
  m_TagString: Untagged
  m_Icon: {fileID: 0}
  m_NavMeshLayer: 0
  m_StaticEditorFlags: 0
  m_IsActive: 1
--- !u!4 &2984989818439025547
Transform:
  m_ObjectHideFlags: 0
  m_CorrespondingSourceObject: {fileID: 0}
  m_PrefabInstance: {fileID: 0}
  m_PrefabAsset: {fileID: 0}
  m_GameObject: {fileID: 5162123419751265491}
  m_LocalRotation: {x: 0.068602934, y: 0.116252184, z: -0.7584975, w: 0.63754267}
  m_LocalPosition: {x: 0.022651833, y: 0.2331211, z: 0.114924245}
  m_LocalScale: {x: 1, y: 1, z: 1}
  m_Children:
  - {fileID: 4238509684468793573}
  m_Father: {fileID: 1205825450690615031}
  m_RootOrder: 1
  m_LocalEulerAnglesHint: {x: 0, y: 0, z: 0}
--- !u!1 &5234821061125022752
GameObject:
  m_ObjectHideFlags: 0
  m_CorrespondingSourceObject: {fileID: 0}
  m_PrefabInstance: {fileID: 0}
  m_PrefabAsset: {fileID: 0}
  serializedVersion: 6
  m_Component:
  - component: {fileID: 543674949471723034}
  m_Layer: 0
  m_Name: calf_r
  m_TagString: Untagged
  m_Icon: {fileID: 0}
  m_NavMeshLayer: 0
  m_StaticEditorFlags: 0
  m_IsActive: 1
--- !u!4 &543674949471723034
Transform:
  m_ObjectHideFlags: 0
  m_CorrespondingSourceObject: {fileID: 0}
  m_PrefabInstance: {fileID: 0}
  m_PrefabAsset: {fileID: 0}
  m_GameObject: {fileID: 5234821061125022752}
  m_LocalRotation: {x: 0.039133016, y: 0.2337017, z: 0.00064432924, w: 0.9715203}
  m_LocalPosition: {x: 0.000000007787746, y: 0.39055893, z: -0.000000008228269}
  m_LocalScale: {x: 1, y: 1, z: 1}
  m_Children:
  - {fileID: 3015084516091363852}
  m_Father: {fileID: 1707269637256555515}
  m_RootOrder: 0
  m_LocalEulerAnglesHint: {x: 0, y: 0, z: 0}
--- !u!1 &5240508196267356565
GameObject:
  m_ObjectHideFlags: 0
  m_CorrespondingSourceObject: {fileID: 0}
  m_PrefabInstance: {fileID: 0}
  m_PrefabAsset: {fileID: 0}
  serializedVersion: 6
  m_Component:
  - component: {fileID: 8111435529116096525}
  m_Layer: 0
  m_Name: lowerarm_l
  m_TagString: Untagged
  m_Icon: {fileID: 0}
  m_NavMeshLayer: 0
  m_StaticEditorFlags: 0
  m_IsActive: 1
--- !u!4 &8111435529116096525
Transform:
  m_ObjectHideFlags: 0
  m_CorrespondingSourceObject: {fileID: 0}
  m_PrefabInstance: {fileID: 0}
  m_PrefabAsset: {fileID: 0}
  m_GameObject: {fileID: 5240508196267356565}
  m_LocalRotation: {x: 0.39526314, y: -0.002450572, z: -0.0063966187, w: 0.91854244}
  m_LocalPosition: {x: -0.0000000342754, y: 0.25049144, z: -0.0000000023277529}
  m_LocalScale: {x: 1, y: 1, z: 1}
  m_Children:
  - {fileID: 8718980781420299158}
  m_Father: {fileID: 6359784081110915379}
  m_RootOrder: 0
  m_LocalEulerAnglesHint: {x: 0, y: 0, z: 0}
--- !u!1 &5612195606136815497
GameObject:
  m_ObjectHideFlags: 0
  m_CorrespondingSourceObject: {fileID: 0}
  m_PrefabInstance: {fileID: 0}
  m_PrefabAsset: {fileID: 0}
  serializedVersion: 6
  m_Component:
  - component: {fileID: 6810964314528506073}
  m_Layer: 0
  m_Name: calf_l
  m_TagString: Untagged
  m_Icon: {fileID: 0}
  m_NavMeshLayer: 0
  m_StaticEditorFlags: 0
  m_IsActive: 1
--- !u!4 &6810964314528506073
Transform:
  m_ObjectHideFlags: 0
  m_CorrespondingSourceObject: {fileID: 0}
  m_PrefabInstance: {fileID: 0}
  m_PrefabAsset: {fileID: 0}
  m_GameObject: {fileID: 5612195606136815497}
  m_LocalRotation: {x: 0.039133016, y: -0.2337017, z: -0.00064432924, w: 0.9715203}
  m_LocalPosition: {x: -0.000000007787746, y: 0.39055893, z: -0.000000008228269}
  m_LocalScale: {x: 1, y: 1, z: 1}
  m_Children:
  - {fileID: 2272092743889505170}
  m_Father: {fileID: 3207522257802668263}
  m_RootOrder: 0
  m_LocalEulerAnglesHint: {x: 0, y: 0, z: 0}
--- !u!1 &5683569304718042201
GameObject:
  m_ObjectHideFlags: 0
  m_CorrespondingSourceObject: {fileID: 0}
  m_PrefabInstance: {fileID: 0}
  m_PrefabAsset: {fileID: 0}
  serializedVersion: 6
  m_Component:
  - component: {fileID: 5572373112145823567}
  m_Layer: 0
  m_Name: index_02_r
  m_TagString: Untagged
  m_Icon: {fileID: 0}
  m_NavMeshLayer: 0
  m_StaticEditorFlags: 0
  m_IsActive: 1
--- !u!4 &5572373112145823567
Transform:
  m_ObjectHideFlags: 0
  m_CorrespondingSourceObject: {fileID: 0}
  m_PrefabInstance: {fileID: 0}
  m_PrefabAsset: {fileID: 0}
  m_GameObject: {fileID: 5683569304718042201}
  m_LocalRotation: {x: 0.106413975, y: 0.0026852924, z: 0.0064875707, w: 0.99429715}
  m_LocalPosition: {x: 1.9833466e-12, y: 0.028274385, z: -1.2042402e-10}
  m_LocalScale: {x: 1, y: 1, z: 1}
  m_Children:
  - {fileID: 3831534699329910287}
  m_Father: {fileID: 4020433078232521808}
  m_RootOrder: 0
  m_LocalEulerAnglesHint: {x: 0, y: 0, z: 0}
--- !u!1 &5688245651758443157
GameObject:
  m_ObjectHideFlags: 0
  m_CorrespondingSourceObject: {fileID: 0}
  m_PrefabInstance: {fileID: 0}
  m_PrefabAsset: {fileID: 0}
  serializedVersion: 6
  m_Component:
  - component: {fileID: 7910871191378176878}
  m_Layer: 0
  m_Name: ring_02_l
  m_TagString: Untagged
  m_Icon: {fileID: 0}
  m_NavMeshLayer: 0
  m_StaticEditorFlags: 0
  m_IsActive: 1
--- !u!4 &7910871191378176878
Transform:
  m_ObjectHideFlags: 0
  m_CorrespondingSourceObject: {fileID: 0}
  m_PrefabInstance: {fileID: 0}
  m_PrefabAsset: {fileID: 0}
  m_GameObject: {fileID: 5688245651758443157}
  m_LocalRotation: {x: 0.05554112, y: -0.00097620906, z: -0.045921165, w: 0.9973994}
  m_LocalPosition: {x: 0.000000019659565, y: 0.032454517, z: -0.00000002930838}
  m_LocalScale: {x: 1, y: 1, z: 1}
  m_Children:
  - {fileID: 3621554788287133803}
  m_Father: {fileID: 5547334381069157765}
  m_RootOrder: 0
  m_LocalEulerAnglesHint: {x: 0, y: 0, z: 0}
--- !u!1 &5963226503940509739
GameObject:
  m_ObjectHideFlags: 0
  m_CorrespondingSourceObject: {fileID: 0}
  m_PrefabInstance: {fileID: 0}
  m_PrefabAsset: {fileID: 0}
  serializedVersion: 6
  m_Component:
  - component: {fileID: 5375274027317137545}
  m_Layer: 0
  m_Name: thumb_03_l
  m_TagString: Untagged
  m_Icon: {fileID: 0}
  m_NavMeshLayer: 0
  m_StaticEditorFlags: 0
  m_IsActive: 1
--- !u!4 &5375274027317137545
Transform:
  m_ObjectHideFlags: 0
  m_CorrespondingSourceObject: {fileID: 0}
  m_PrefabInstance: {fileID: 0}
  m_PrefabAsset: {fileID: 0}
  m_GameObject: {fileID: 5963226503940509739}
  m_LocalRotation: {x: 0.14579111, y: 0.004801501, z: 0.032563988, w: 0.9887677}
  m_LocalPosition: {x: -3.585696e-10, y: 0.039785866, z: 2.8474056e-10}
  m_LocalScale: {x: 1, y: 1, z: 1}
  m_Children: []
  m_Father: {fileID: 6659209867634661595}
  m_RootOrder: 0
  m_LocalEulerAnglesHint: {x: 0, y: 0, z: 0}
--- !u!1 &6122572897963577222
GameObject:
  m_ObjectHideFlags: 0
  m_CorrespondingSourceObject: {fileID: 0}
  m_PrefabInstance: {fileID: 0}
  m_PrefabAsset: {fileID: 0}
  serializedVersion: 6
  m_Component:
  - component: {fileID: 3207522257802668263}
  m_Layer: 0
  m_Name: thigh_l
  m_TagString: Untagged
  m_Icon: {fileID: 0}
  m_NavMeshLayer: 0
  m_StaticEditorFlags: 0
  m_IsActive: 1
--- !u!4 &3207522257802668263
Transform:
  m_ObjectHideFlags: 0
  m_CorrespondingSourceObject: {fileID: 0}
  m_PrefabInstance: {fileID: 0}
  m_PrefabAsset: {fileID: 0}
  m_GameObject: {fileID: 6122572897963577222}
  m_LocalRotation: {x: 0.9501039, y: -0.110155426, z: 0.20010068, w: -0.21243401}
  m_LocalPosition: {x: -0.102221236, y: -0.0051928903, z: -0.011716736}
  m_LocalScale: {x: 1, y: 1, z: 1}
  m_Children:
  - {fileID: 6810964314528506073}
  m_Father: {fileID: 3659230145235983454}
  m_RootOrder: 1
  m_LocalEulerAnglesHint: {x: 0, y: 0, z: 0}
--- !u!1 &6199378693011281728
GameObject:
  m_ObjectHideFlags: 0
  m_CorrespondingSourceObject: {fileID: 0}
  m_PrefabInstance: {fileID: 0}
  m_PrefabAsset: {fileID: 0}
  serializedVersion: 6
  m_Component:
  - component: {fileID: 3621554788287133803}
  m_Layer: 0
  m_Name: ring_03_l
  m_TagString: Untagged
  m_Icon: {fileID: 0}
  m_NavMeshLayer: 0
  m_StaticEditorFlags: 0
  m_IsActive: 1
--- !u!4 &3621554788287133803
Transform:
  m_ObjectHideFlags: 0
  m_CorrespondingSourceObject: {fileID: 0}
  m_PrefabInstance: {fileID: 0}
  m_PrefabAsset: {fileID: 0}
  m_GameObject: {fileID: 6199378693011281728}
  m_LocalRotation: {x: 0.067259744, y: 0.000063359395, z: 0.027425282, w: 0.9973585}
  m_LocalPosition: {x: 0.000000009719797, y: 0.02711795, z: -0.000000009735654}
  m_LocalScale: {x: 1, y: 1, z: 1}
  m_Children: []
  m_Father: {fileID: 7910871191378176878}
  m_RootOrder: 0
  m_LocalEulerAnglesHint: {x: 0, y: 0, z: 0}
--- !u!1 &6213500288127478532
GameObject:
  m_ObjectHideFlags: 0
  m_CorrespondingSourceObject: {fileID: 0}
  m_PrefabInstance: {fileID: 0}
  m_PrefabAsset: {fileID: 0}
  serializedVersion: 6
  m_Component:
  - component: {fileID: 833864669876127837}
  - component: {fileID: 6368610228992159506}
  m_Layer: 0
  m_Name: '!M_Jacket_ShirtMesh'
  m_TagString: Untagged
  m_Icon: {fileID: 0}
  m_NavMeshLayer: 0
  m_StaticEditorFlags: 0
  m_IsActive: 1
--- !u!4 &833864669876127837
Transform:
  m_ObjectHideFlags: 0
  m_CorrespondingSourceObject: {fileID: 0}
  m_PrefabInstance: {fileID: 0}
  m_PrefabAsset: {fileID: 0}
  m_GameObject: {fileID: 6213500288127478532}
  m_LocalRotation: {x: 0, y: -0, z: -0, w: 1}
  m_LocalPosition: {x: -0, y: 0, z: 0}
  m_LocalScale: {x: 1, y: 1, z: 1}
  m_Children: []
  m_Father: {fileID: 3440798948883307120}
  m_RootOrder: 0
  m_LocalEulerAnglesHint: {x: 0, y: 0, z: 0}
--- !u!137 &6368610228992159506
SkinnedMeshRenderer:
  m_ObjectHideFlags: 0
  m_CorrespondingSourceObject: {fileID: 0}
  m_PrefabInstance: {fileID: 0}
  m_PrefabAsset: {fileID: 0}
  m_GameObject: {fileID: 6213500288127478532}
  m_Enabled: 1
  m_CastShadows: 1
  m_ReceiveShadows: 1
  m_DynamicOccludee: 1
  m_MotionVectors: 1
  m_LightProbeUsage: 1
  m_ReflectionProbeUsage: 1
  m_RayTracingMode: 0
  m_RenderingLayerMask: 1
  m_RendererPriority: 0
  m_Materials:
  - {fileID: 1417802802772922032, guid: 26a38b60af496a249b9687c6a685eaf1, type: 3}
  m_StaticBatchInfo:
    firstSubMesh: 0
    subMeshCount: 0
  m_StaticBatchRoot: {fileID: 0}
  m_ProbeAnchor: {fileID: 0}
  m_LightProbeVolumeOverride: {fileID: 0}
  m_ScaleInLightmap: 1
  m_ReceiveGI: 1
  m_PreserveUVs: 0
  m_IgnoreNormalsForChartDetection: 0
  m_ImportantGI: 0
  m_StitchLightmapSeams: 1
  m_SelectedEditorRenderState: 3
  m_MinimumChartSize: 4
  m_AutoUVMaxDistance: 0.5
  m_AutoUVMaxAngle: 89
  m_LightmapParameters: {fileID: 0}
  m_SortingLayerID: 0
  m_SortingLayer: 0
  m_SortingOrder: 0
  serializedVersion: 2
  m_Quality: 0
  m_UpdateWhenOffscreen: 0
  m_SkinnedMotionVectors: 1
  m_Mesh: {fileID: 2459737917620951332, guid: 26a38b60af496a249b9687c6a685eaf1, type: 3}
  m_Bones:
  - {fileID: 3659230145235983454}
  - {fileID: 2507789679125693378}
  - {fileID: 3207522257802668263}
  - {fileID: 1707269637256555515}
  - {fileID: 6835436011670835044}
  - {fileID: 1205825450690615031}
  - {fileID: 5783425038197106601}
  - {fileID: 2984989818439025547}
  - {fileID: 8095188152642569806}
  - {fileID: 6359784081110915379}
  - {fileID: 4238509684468793573}
  - {fileID: 534021801475557452}
  - {fileID: 8111435529116096525}
  - {fileID: 245843382580473112}
  - {fileID: 8718980781420299158}
  - {fileID: 6418747907226185080}
  - {fileID: 1292728776128879073}
  - {fileID: 5883834177660908362}
  - {fileID: 6659209867634661595}
  - {fileID: 1451470926529843274}
  m_BlendShapeWeights: []
  m_RootBone: {fileID: 3659230145235983454}
  m_AABB:
    m_Center: {x: -0.0008073151, y: 0.20332325, z: 0.0946247}
    m_Extent: {x: 0.591035, y: 0.45137644, z: 0.40454796}
  m_DirtyAABB: 0
--- !u!1 &6360035250482826391
GameObject:
  m_ObjectHideFlags: 0
  m_CorrespondingSourceObject: {fileID: 0}
  m_PrefabInstance: {fileID: 0}
  m_PrefabAsset: {fileID: 0}
  serializedVersion: 6
  m_Component:
  - component: {fileID: 1205825450690615031}
  m_Layer: 0
  m_Name: spine_03
  m_TagString: Untagged
  m_Icon: {fileID: 0}
  m_NavMeshLayer: 0
  m_StaticEditorFlags: 0
  m_IsActive: 1
--- !u!4 &1205825450690615031
Transform:
  m_ObjectHideFlags: 0
  m_CorrespondingSourceObject: {fileID: 0}
  m_PrefabInstance: {fileID: 0}
  m_PrefabAsset: {fileID: 0}
  m_GameObject: {fileID: 6360035250482826391}
  m_LocalRotation: {x: -0.22922081, y: 7.601117e-11, z: -5.0771926e-10, w: 0.9733744}
  m_LocalPosition: {x: -1.6122993e-17, y: 0.09066816, z: 0.0000000020440918}
  m_LocalScale: {x: 1, y: 1, z: 1}
  m_Children:
  - {fileID: 5783425038197106601}
  - {fileID: 2984989818439025547}
  - {fileID: 8095188152642569806}
  m_Father: {fileID: 6835436011670835044}
  m_RootOrder: 0
  m_LocalEulerAnglesHint: {x: 0, y: 0, z: 0}
--- !u!1 &6697545451498970916
GameObject:
  m_ObjectHideFlags: 0
  m_CorrespondingSourceObject: {fileID: 0}
  m_PrefabInstance: {fileID: 0}
  m_PrefabAsset: {fileID: 0}
  serializedVersion: 6
  m_Component:
  - component: {fileID: 1632431906603056335}
  m_Layer: 0
  m_Name: middle_03_r
  m_TagString: Untagged
  m_Icon: {fileID: 0}
  m_NavMeshLayer: 0
  m_StaticEditorFlags: 0
  m_IsActive: 1
--- !u!4 &1632431906603056335
Transform:
  m_ObjectHideFlags: 0
  m_CorrespondingSourceObject: {fileID: 0}
  m_PrefabInstance: {fileID: 0}
  m_PrefabAsset: {fileID: 0}
  m_GameObject: {fileID: 6697545451498970916}
  m_LocalRotation: {x: 0.06915024, y: 0.0000041662797, z: -0.005614282, w: 0.9975905}
  m_LocalPosition: {x: 0.000000023123999, y: 0.029991718, z: 0.000000021309155}
  m_LocalScale: {x: 1, y: 1, z: 1}
  m_Children: []
  m_Father: {fileID: 3624852268892657542}
  m_RootOrder: 0
  m_LocalEulerAnglesHint: {x: 0, y: 0, z: 0}
--- !u!1 &6740450037671635204
GameObject:
  m_ObjectHideFlags: 0
  m_CorrespondingSourceObject: {fileID: 0}
  m_PrefabInstance: {fileID: 0}
  m_PrefabAsset: {fileID: 0}
  serializedVersion: 6
  m_Component:
  - component: {fileID: 1451470926529843274}
  m_Layer: 0
  m_Name: thumb_02_r
  m_TagString: Untagged
  m_Icon: {fileID: 0}
  m_NavMeshLayer: 0
  m_StaticEditorFlags: 0
  m_IsActive: 1
--- !u!4 &1451470926529843274
Transform:
  m_ObjectHideFlags: 0
  m_CorrespondingSourceObject: {fileID: 0}
  m_PrefabInstance: {fileID: 0}
  m_PrefabAsset: {fileID: 0}
  m_GameObject: {fileID: 6740450037671635204}
  m_LocalRotation: {x: 0.06573189, y: -0.016934894, z: -0.18480521, w: 0.9804283}
  m_LocalPosition: {x: 0.0000000028320382, y: 0.03359365, z: -0.000000045771284}
  m_LocalScale: {x: 1, y: 1, z: 1}
  m_Children:
  - {fileID: 8122253969092769052}
  m_Father: {fileID: 5883834177660908362}
  m_RootOrder: 0
  m_LocalEulerAnglesHint: {x: 0, y: 0, z: 0}
--- !u!1 &6879015975221417039
GameObject:
  m_ObjectHideFlags: 0
  m_CorrespondingSourceObject: {fileID: 0}
  m_PrefabInstance: {fileID: 0}
  m_PrefabAsset: {fileID: 0}
  serializedVersion: 6
  m_Component:
  - component: {fileID: 6998972372511033921}
  m_Layer: 0
  m_Name: middle_01_r
  m_TagString: Untagged
  m_Icon: {fileID: 0}
  m_NavMeshLayer: 0
  m_StaticEditorFlags: 0
  m_IsActive: 1
--- !u!4 &6998972372511033921
Transform:
  m_ObjectHideFlags: 0
  m_CorrespondingSourceObject: {fileID: 0}
  m_PrefabInstance: {fileID: 0}
  m_PrefabAsset: {fileID: 0}
  m_GameObject: {fileID: 6879015975221417039}
  m_LocalRotation: {x: 0.09953353, y: 0.4067917, z: -0.15380457, w: 0.89496243}
  m_LocalPosition: {x: 0.0034875786, y: 0.111382455, z: -0.012779399}
  m_LocalScale: {x: 1, y: 1, z: 1}
  m_Children:
  - {fileID: 3624852268892657542}
  m_Father: {fileID: 6418747907226185080}
  m_RootOrder: 1
  m_LocalEulerAnglesHint: {x: 0, y: 0, z: 0}
--- !u!1 &7186003693582443003
GameObject:
  m_ObjectHideFlags: 0
  m_CorrespondingSourceObject: {fileID: 0}
  m_PrefabInstance: {fileID: 0}
  m_PrefabAsset: {fileID: 0}
  serializedVersion: 6
  m_Component:
  - component: {fileID: 6835436011670835044}
  m_Layer: 0
  m_Name: spine_02
  m_TagString: Untagged
  m_Icon: {fileID: 0}
  m_NavMeshLayer: 0
  m_StaticEditorFlags: 0
  m_IsActive: 1
--- !u!4 &6835436011670835044
Transform:
  m_ObjectHideFlags: 0
  m_CorrespondingSourceObject: {fileID: 0}
  m_PrefabInstance: {fileID: 0}
  m_PrefabAsset: {fileID: 0}
  m_GameObject: {fileID: 7186003693582443003}
  m_LocalRotation: {x: -0.09794144, y: 3.754118e-11, z: 5.641236e-10, w: 0.99519217}
  m_LocalPosition: {x: 4.8132647e-18, y: 0.071679145, z: 0.000000003955941}
  m_LocalScale: {x: 1, y: 1, z: 1}
  m_Children:
  - {fileID: 1205825450690615031}
  m_Father: {fileID: 2507789679125693378}
  m_RootOrder: 0
  m_LocalEulerAnglesHint: {x: 0, y: 0, z: 0}
--- !u!1 &7283807876039499388
GameObject:
  m_ObjectHideFlags: 0
  m_CorrespondingSourceObject: {fileID: 0}
  m_PrefabInstance: {fileID: 0}
  m_PrefabAsset: {fileID: 0}
  serializedVersion: 6
  m_Component:
  - component: {fileID: 6659209867634661595}
  m_Layer: 0
  m_Name: thumb_02_l
  m_TagString: Untagged
  m_Icon: {fileID: 0}
  m_NavMeshLayer: 0
  m_StaticEditorFlags: 0
  m_IsActive: 1
--- !u!4 &6659209867634661595
Transform:
  m_ObjectHideFlags: 0
  m_CorrespondingSourceObject: {fileID: 0}
  m_PrefabInstance: {fileID: 0}
  m_PrefabAsset: {fileID: 0}
  m_GameObject: {fileID: 7283807876039499388}
  m_LocalRotation: {x: 0.06573189, y: 0.016934894, z: 0.18480521, w: 0.9804283}
  m_LocalPosition: {x: -0.0000000028320382, y: 0.03359365, z: -0.000000045771284}
  m_LocalScale: {x: 1, y: 1, z: 1}
  m_Children:
  - {fileID: 5375274027317137545}
  m_Father: {fileID: 1292728776128879073}
  m_RootOrder: 0
  m_LocalEulerAnglesHint: {x: 0, y: 0, z: 0}
--- !u!1 &7298279605935920906
GameObject:
  m_ObjectHideFlags: 0
  m_CorrespondingSourceObject: {fileID: 0}
  m_PrefabInstance: {fileID: 0}
  m_PrefabAsset: {fileID: 0}
  serializedVersion: 6
  m_Component:
  - component: {fileID: 6635390055711161360}
  m_Layer: 0
  m_Name: Game_engine
  m_TagString: Untagged
  m_Icon: {fileID: 0}
  m_NavMeshLayer: 0
  m_StaticEditorFlags: 0
  m_IsActive: 1
--- !u!4 &6635390055711161360
Transform:
  m_ObjectHideFlags: 0
  m_CorrespondingSourceObject: {fileID: 0}
  m_PrefabInstance: {fileID: 0}
  m_PrefabAsset: {fileID: 0}
  m_GameObject: {fileID: 7298279605935920906}
  m_LocalRotation: {x: 0, y: -0, z: -0, w: 1}
  m_LocalPosition: {x: -0, y: 0, z: 0}
  m_LocalScale: {x: 1, y: 1, z: 1}
  m_Children:
  - {fileID: 8041118541000846239}
  m_Father: {fileID: 3440798948883307120}
  m_RootOrder: 1
  m_LocalEulerAnglesHint: {x: 0, y: 0, z: 0}
--- !u!1 &7320017795792105171
GameObject:
  m_ObjectHideFlags: 0
  m_CorrespondingSourceObject: {fileID: 0}
  m_PrefabInstance: {fileID: 0}
  m_PrefabAsset: {fileID: 0}
  serializedVersion: 6
  m_Component:
  - component: {fileID: 434392511860930901}
  m_Layer: 0
  m_Name: middle_02_l
  m_TagString: Untagged
  m_Icon: {fileID: 0}
  m_NavMeshLayer: 0
  m_StaticEditorFlags: 0
  m_IsActive: 1
--- !u!4 &434392511860930901
Transform:
  m_ObjectHideFlags: 0
  m_CorrespondingSourceObject: {fileID: 0}
  m_PrefabInstance: {fileID: 0}
  m_PrefabAsset: {fileID: 0}
  m_GameObject: {fileID: 7320017795792105171}
  m_LocalRotation: {x: 0.045423426, y: -0.0014432148, z: -0.037282247, w: 0.99827087}
  m_LocalPosition: {x: 2.948062e-10, y: 0.036844406, z: 1.4058141e-10}
  m_LocalScale: {x: 1, y: 1, z: 1}
  m_Children:
  - {fileID: 7051459064440273699}
  m_Father: {fileID: 5392346809765226494}
  m_RootOrder: 0
  m_LocalEulerAnglesHint: {x: 0, y: 0, z: 0}
--- !u!1 &7530299976443553041
GameObject:
  m_ObjectHideFlags: 0
  m_CorrespondingSourceObject: {fileID: 0}
  m_PrefabInstance: {fileID: 0}
  m_PrefabAsset: {fileID: 0}
  serializedVersion: 6
  m_Component:
  - component: {fileID: 245843382580473112}
  m_Layer: 0
  m_Name: lowerarm_r
  m_TagString: Untagged
  m_Icon: {fileID: 0}
  m_NavMeshLayer: 0
  m_StaticEditorFlags: 0
  m_IsActive: 1
--- !u!4 &245843382580473112
Transform:
  m_ObjectHideFlags: 0
  m_CorrespondingSourceObject: {fileID: 0}
  m_PrefabInstance: {fileID: 0}
  m_PrefabAsset: {fileID: 0}
  m_GameObject: {fileID: 7530299976443553041}
  m_LocalRotation: {x: 0.39526314, y: 0.002450572, z: 0.0063966187, w: 0.91854244}
  m_LocalPosition: {x: 0.0000000342754, y: 0.25049144, z: -0.0000000023277529}
  m_LocalScale: {x: 1, y: 1, z: 1}
  m_Children:
  - {fileID: 6418747907226185080}
  m_Father: {fileID: 4238509684468793573}
  m_RootOrder: 0
  m_LocalEulerAnglesHint: {x: 0, y: 0, z: 0}
--- !u!1 &7897502686288804285
GameObject:
  m_ObjectHideFlags: 0
  m_CorrespondingSourceObject: {fileID: 0}
  m_PrefabInstance: {fileID: 0}
  m_PrefabAsset: {fileID: 0}
  serializedVersion: 6
  m_Component:
  - component: {fileID: 7841083680188918246}
  m_Layer: 0
  m_Name: index_01_l
  m_TagString: Untagged
  m_Icon: {fileID: 0}
  m_NavMeshLayer: 0
  m_StaticEditorFlags: 0
  m_IsActive: 1
--- !u!4 &7841083680188918246
Transform:
  m_ObjectHideFlags: 0
  m_CorrespondingSourceObject: {fileID: 0}
  m_PrefabInstance: {fileID: 0}
  m_PrefabAsset: {fileID: 0}
  m_GameObject: {fileID: 7897502686288804285}
  m_LocalRotation: {x: 0.11084039, y: -0.4749367, z: 0.0035455055, w: 0.87300456}
  m_LocalPosition: {x: 0.014032827, y: 0.11517892, z: 0.009865021}
  m_LocalScale: {x: 1, y: 1, z: 1}
  m_Children:
  - {fileID: 3803318195709048984}
  m_Father: {fileID: 8718980781420299158}
  m_RootOrder: 0
  m_LocalEulerAnglesHint: {x: 0, y: 0, z: 0}
--- !u!1 &8042118251372481347
GameObject:
  m_ObjectHideFlags: 0
  m_CorrespondingSourceObject: {fileID: 0}
  m_PrefabInstance: {fileID: 0}
  m_PrefabAsset: {fileID: 0}
  serializedVersion: 6
  m_Component:
  - component: {fileID: 8737030211007633147}
  m_Layer: 0
  m_Name: pinky_01_r
  m_TagString: Untagged
  m_Icon: {fileID: 0}
  m_NavMeshLayer: 0
  m_StaticEditorFlags: 0
  m_IsActive: 1
--- !u!4 &8737030211007633147
Transform:
  m_ObjectHideFlags: 0
  m_CorrespondingSourceObject: {fileID: 0}
  m_PrefabInstance: {fileID: 0}
  m_PrefabAsset: {fileID: 0}
  m_GameObject: {fileID: 8042118251372481347}
  m_LocalRotation: {x: 0.048167106, y: 0.2855827, z: -0.30184084, w: 0.90830314}
  m_LocalPosition: {x: 0.03696561, y: 0.090667106, z: -0.03469686}
  m_LocalScale: {x: 1, y: 1, z: 1}
  m_Children:
  - {fileID: 6646023191167557760}
  m_Father: {fileID: 6418747907226185080}
  m_RootOrder: 2
  m_LocalEulerAnglesHint: {x: 0, y: 0, z: 0}
--- !u!1 &8113143711138157599
GameObject:
  m_ObjectHideFlags: 0
  m_CorrespondingSourceObject: {fileID: 0}
  m_PrefabInstance: {fileID: 0}
  m_PrefabAsset: {fileID: 0}
  serializedVersion: 6
  m_Component:
  - component: {fileID: 3803318195709048984}
  m_Layer: 0
  m_Name: index_02_l
  m_TagString: Untagged
  m_Icon: {fileID: 0}
  m_NavMeshLayer: 0
  m_StaticEditorFlags: 0
  m_IsActive: 1
--- !u!4 &3803318195709048984
Transform:
  m_ObjectHideFlags: 0
  m_CorrespondingSourceObject: {fileID: 0}
  m_PrefabInstance: {fileID: 0}
  m_PrefabAsset: {fileID: 0}
  m_GameObject: {fileID: 8113143711138157599}
  m_LocalRotation: {x: 0.106413975, y: -0.0026852924, z: -0.0064875707, w: 0.99429715}
  m_LocalPosition: {x: -1.9833466e-12, y: 0.028274385, z: -1.2042402e-10}
  m_LocalScale: {x: 1, y: 1, z: 1}
  m_Children:
  - {fileID: 6453147322111928122}
  m_Father: {fileID: 7841083680188918246}
  m_RootOrder: 0
  m_LocalEulerAnglesHint: {x: 0, y: 0, z: 0}
--- !u!1 &8714985671003246028
GameObject:
  m_ObjectHideFlags: 0
  m_CorrespondingSourceObject: {fileID: 0}
  m_PrefabInstance: {fileID: 0}
  m_PrefabAsset: {fileID: 0}
  serializedVersion: 6
  m_Component:
  - component: {fileID: 3864120058426868961}
  - component: {fileID: 516020454815712254}
  m_Layer: 0
  m_Name: high-polyMesh
  m_TagString: Untagged
  m_Icon: {fileID: 0}
  m_NavMeshLayer: 0
  m_StaticEditorFlags: 0
  m_IsActive: 1
--- !u!4 &3864120058426868961
Transform:
  m_ObjectHideFlags: 0
  m_CorrespondingSourceObject: {fileID: 0}
  m_PrefabInstance: {fileID: 0}
  m_PrefabAsset: {fileID: 0}
  m_GameObject: {fileID: 8714985671003246028}
  m_LocalRotation: {x: 0, y: -0, z: -0, w: 1}
  m_LocalPosition: {x: -0, y: 0, z: 0}
  m_LocalScale: {x: 1, y: 1, z: 1}
  m_Children: []
  m_Father: {fileID: 3440798948883307120}
  m_RootOrder: 2
  m_LocalEulerAnglesHint: {x: 0, y: 0, z: 0}
--- !u!137 &516020454815712254
SkinnedMeshRenderer:
  m_ObjectHideFlags: 0
  m_CorrespondingSourceObject: {fileID: 0}
  m_PrefabInstance: {fileID: 0}
  m_PrefabAsset: {fileID: 0}
  m_GameObject: {fileID: 8714985671003246028}
  m_Enabled: 1
  m_CastShadows: 1
  m_ReceiveShadows: 1
  m_DynamicOccludee: 1
  m_MotionVectors: 1
  m_LightProbeUsage: 1
  m_ReflectionProbeUsage: 1
  m_RayTracingMode: 0
  m_RenderingLayerMask: 1
  m_RendererPriority: 0
  m_Materials:
  - {fileID: -5991907188887482076, guid: 26a38b60af496a249b9687c6a685eaf1, type: 3}
  m_StaticBatchInfo:
    firstSubMesh: 0
    subMeshCount: 0
  m_StaticBatchRoot: {fileID: 0}
  m_ProbeAnchor: {fileID: 0}
  m_LightProbeVolumeOverride: {fileID: 0}
  m_ScaleInLightmap: 1
  m_ReceiveGI: 1
  m_PreserveUVs: 0
  m_IgnoreNormalsForChartDetection: 0
  m_ImportantGI: 0
  m_StitchLightmapSeams: 1
  m_SelectedEditorRenderState: 3
  m_MinimumChartSize: 4
  m_AutoUVMaxDistance: 0.5
  m_AutoUVMaxAngle: 89
  m_LightmapParameters: {fileID: 0}
  m_SortingLayerID: 0
  m_SortingLayer: 0
  m_SortingOrder: 0
  serializedVersion: 2
  m_Quality: 0
  m_UpdateWhenOffscreen: 0
  m_SkinnedMotionVectors: 1
  m_Mesh: {fileID: 5390651540114983754, guid: 26a38b60af496a249b9687c6a685eaf1, type: 3}
  m_Bones:
  - {fileID: 534021801475557452}
  m_BlendShapeWeights: []
  m_RootBone: {fileID: 534021801475557452}
  m_AABB:
    m_Center: {x: 0.0000000037252903, y: 0.03796506, z: 0.084379785}
    m_Extent: {x: 0.044853516, y: 0.014880896, z: 0.012483463}
  m_DirtyAABB: 0
--- !u!1 &8885441000587023601
GameObject:
  m_ObjectHideFlags: 0
  m_CorrespondingSourceObject: {fileID: 0}
  m_PrefabInstance: {fileID: 0}
  m_PrefabAsset: {fileID: 0}
  serializedVersion: 6
  m_Component:
  - component: {fileID: 8972384023203472959}
  m_Layer: 0
  m_Name: pinky_03_r
  m_TagString: Untagged
  m_Icon: {fileID: 0}
  m_NavMeshLayer: 0
  m_StaticEditorFlags: 0
  m_IsActive: 1
--- !u!4 &8972384023203472959
Transform:
  m_ObjectHideFlags: 0
  m_CorrespondingSourceObject: {fileID: 0}
  m_PrefabInstance: {fileID: 0}
  m_PrefabAsset: {fileID: 0}
  m_GameObject: {fileID: 8885441000587023601}
  m_LocalRotation: {x: -0.0066919867, y: 0.000007646141, z: -0.009519107, w: 0.99993235}
  m_LocalPosition: {x: 0.000000003971384, y: 0.017034955, z: 0.000000002431493}
  m_LocalScale: {x: 1, y: 1, z: 1}
  m_Children: []
  m_Father: {fileID: 6646023191167557760}
  m_RootOrder: 0
  m_LocalEulerAnglesHint: {x: 0, y: 0, z: 0}
--- !u!1 &8969780469435647398
GameObject:
  m_ObjectHideFlags: 0
  m_CorrespondingSourceObject: {fileID: 0}
  m_PrefabInstance: {fileID: 0}
  m_PrefabAsset: {fileID: 0}
  serializedVersion: 6
  m_Component:
  - component: {fileID: 5783425038197106601}
  m_Layer: 0
  m_Name: clavicle_l
  m_TagString: Untagged
  m_Icon: {fileID: 0}
  m_NavMeshLayer: 0
  m_StaticEditorFlags: 0
  m_IsActive: 1
--- !u!4 &5783425038197106601
Transform:
  m_ObjectHideFlags: 0
  m_CorrespondingSourceObject: {fileID: 0}
  m_PrefabInstance: {fileID: 0}
  m_PrefabAsset: {fileID: 0}
  m_GameObject: {fileID: 8969780469435647398}
  m_LocalRotation: {x: 0.068602934, y: -0.116252184, z: 0.7584975, w: 0.63754267}
  m_LocalPosition: {x: -0.022651833, y: 0.2331211, z: 0.114924245}
  m_LocalScale: {x: 1, y: 1, z: 1}
  m_Children:
  - {fileID: 6359784081110915379}
  m_Father: {fileID: 1205825450690615031}
  m_RootOrder: 0
  m_LocalEulerAnglesHint: {x: 0, y: 0, z: 0}
--- !u!1 &9055298953222645351
GameObject:
  m_ObjectHideFlags: 0
  m_CorrespondingSourceObject: {fileID: 0}
  m_PrefabInstance: {fileID: 0}
  m_PrefabAsset: {fileID: 0}
  serializedVersion: 6
  m_Component:
  - component: {fileID: 1294506006005721735}
  m_Layer: 0
  m_Name: ring_02_r
  m_TagString: Untagged
  m_Icon: {fileID: 0}
  m_NavMeshLayer: 0
  m_StaticEditorFlags: 0
  m_IsActive: 1
--- !u!4 &1294506006005721735
Transform:
  m_ObjectHideFlags: 0
  m_CorrespondingSourceObject: {fileID: 0}
  m_PrefabInstance: {fileID: 0}
  m_PrefabAsset: {fileID: 0}
  m_GameObject: {fileID: 9055298953222645351}
  m_LocalRotation: {x: 0.05554112, y: 0.00097620906, z: 0.045921165, w: 0.9973994}
  m_LocalPosition: {x: -0.000000019659565, y: 0.032454517, z: -0.00000002930838}
  m_LocalScale: {x: 1, y: 1, z: 1}
  m_Children:
  - {fileID: 7047526499230575841}
  m_Father: {fileID: 923821898265747674}
  m_RootOrder: 0
  m_LocalEulerAnglesHint: {x: 0, y: 0, z: 0}
